@article{sta21,
	author = {Stanton, John F.},
	title = {Why the CC Stretch in HCC Is So Anharmonic},
	journal = {The Journal of Physical Chemistry A},
	volume = {125},
	number = {35},
	pages = {7694-7698},
	year = {2021},
	doi = {10.1021/acs.jpca.1c06372},
	URL = { 
	https://doi.org/10.1021/acs.jpca.1c06372 
	}
}

@article{wei17,
	author = {Weichman,Marissa L.  and Cheng,Lan  and Kim,Jongjin B.  and Stanton,John F.  and Neumark,Daniel M. },
	title = {Low-lying vibronic level structure of the ground state of the methoxy radical: Slow electron velocity-map imaging (SEVI) spectra and Köppel-Domcke-Cederbaum (KDC) vibronic Hamiltonian calculations},
	journal = {The Journal of Chemical Physics},
	volume = {146},
	number = {22},
	pages = {224309},
	year = {2017},
	doi = {10.1063/1.4984963},
	URL = { 
	https://doi.org/10.1063/1.4984963}
}

@article {dev17,
	author = {DeVine, Jessalyn A. and Weichman, Marissa L. and Laws, Benjamin and Chang, Jing and Babin, Mark C. and Balerdi, Garikoitz and Xie, Changjian and Malbon, Christopher L. and Lineberger, W. Carl and Yarkony, David R. and Field, Robert W. and Gibson, Stephen T. and Ma, Jianyi and Guo, Hua and Neumark, Daniel M.},
	title = {Encoding of vinylidene isomerization in its anion photoelectron spectrum},
	volume = {358},
	pages = {336--339},
	year = {2017},
	doi = {10.1126/science.aao1905},
	publisher = {American Association for the Advancement of Science},
	issn = {0036-8075},
	URL = {http://science.sciencemag.org/content/358/6361/336},
	eprint = {http://science.sciencemag.org/content/358/6361/336.full.pdf},
	journal = {Science}
}

@article{gas17,
	author = {Gascooke,Jason R.  and Gibson,Stephen T.  and Lawrance,Warren D. },
	title = {A “circularisation” method to repair deformations and determine the centre of velocity map images},
	journal = {The Journal of Chemical Physics},
	volume = {147},
	pages = {013924},
	year = {2017},
	doi = {10.1063/1.4981024},
	URL = { 
	https://doi.org/10.1063/1.4981024}
}

@unpublished{hic16,
	author  = {D. D. Hickstein and R. Yurchak and D. Das and C.-Y. Shih and
	S. T. Gibson},
	title   = {{PyAbel: a python package for Abel transforms}},
	doi     = {10.5281/zendo.47423},
	note    = {doi: 10.5281/zendo.47423},
	year    = 2016}

@article{san14,
	author = {Andrei Sanov},
	title = {Laboratory-Frame Photoelectron Angular Distributions in Anion Photodetachment: Insight into Electronic Structure and Intermolecular Interactions},
	journal = {Annual Review of Physical Chemistry},
	volume = {65},
	pages = {341-363},
	year = {2014},
	doi = {10.1146/annurev-physchem-040513-103656},
	
}

@Article{sta11,
	author ="Stanton, John F.",
	title  ="Quantitative vibronic coupling calculations. The visible spectrum of propadienylidene",
	journal  ="Faraday Discuss.",
	year  ="2011",
	volume  ="150",
	issue  ="0",
	pages  ="331-343",
	publisher  ="The Royal Society of Chemistry",
	doi  ="10.1039/C0FD00029A",
	url  ="http://dx.doi.org/10.1039/C0FD00029A"}

@article{ich09,
	author = {Ichino,Takatoshi  and Gauss,Jürgen  and Stanton,John F. },
	title = {Quasidiabatic states described by coupled-cluster theory},
	journal = {The Journal of Chemical Physics},
	volume = {130},
	number = {17},
	pages = {174105},
	year = {2009},
	doi = {10.1063/1.3127246},
	URL = { 
	https://doi.org/10.1063/1.3127246}
}

@article{ich08,
	author = {Ichino,Takatoshi  and Wren,Scott W.  and Vogelhuber,Kristen M.  and Gianola,Adam J.  and Lineberger,W. Carl  and Stanton,John F. },
	title = {The vibronic level structure of the cyclopentadienyl radical},
	journal = {The Journal of Chemical Physics},
	volume = {129},
	number = {8},
	pages = {084310},
	year = {2008},
	doi = {10.1063/1.2973631},
	URL = { 
	https://doi.org/10.1063/1.2973631}
}

@Article{cav07,
	author  = {S. J. Cavanagh and S. T. Gibson and M. N. Gale and
	C. J. Dedman and E. H. Roberts and B. R. Lewis},
	title   = {{High resolution velocity-map imaging photoelectron spectroscopy
	of the O$^-$ fine-structure transitions}},
	journal = {Physical Review A},
	DOI     = {10.1103/PhysRevA.76.052708},
	volume  = 76,
	pages   = {052708},
	year    = 2007
}

@article{ich06,
	author = {Ichino,Takatoshi  and Gianola,Adam J.  and Lineberger,W. Carl  and Stanton,John F. },
	title = {Nonadiabatic effects in the photoelectron spectrum of the pyrazolide-d3 anion: Three-state interactions in the pyrazolyl-d3 radical},
	journal = {The Journal of Chemical Physics},
	volume = {125},
	number = {8},
	pages = {084312},
	year = {2006},
	doi = {10.1063/1.2338043},
	URL = { 
	https://doi.org/10.1063/1.2338043}
}


@article{ded01,
	author = {C. J. Dedman and E. H. Roberts and S. T. Gibson and B. R. Lewis},
	title = {Fast 1 kV metal-oxide-semiconductor field-effect transistor switch},
	journal = {Review of Scientific Instruments},
	volume = {72},
	pages = {3718-3720},
	year = {2001},
	doi = {10.1063/1.1389488},
	URL = {https://doi.org/10.1063/1.1389488}
}

@article{sta01,
	author = {Stanton,John F. },
	title = {Coupled-cluster theory, pseudo-Jahn–Teller effects and conical intersections},
	journal = {The Journal of Chemical Physics},
	volume = {115},
	number = {22},
	pages = {10382-10393},
	year = {2001},
	doi = {10.1063/1.1416176},
	URL = { 
	https://aip.scitation.org/doi/abs/10.1063/1.1416176}
}

@article{car00,
	author = { Stuart   Carter  and  Nicholas C.   Handy  and  Cristina   Puzzarini  and  Riccardo   Tarroni  and  Paolo   Palmieri },
	title = {A variational method for the calculation of spin-rovibronic energy levels of triatomic molecules with three interacting electronic states},
	journal = {Molecular Physics},
	volume = {98},
	number = {21},
	pages = {1697-1712},
	year  = {2000},
	publisher = {Taylor & Francis},
	doi = {10.1080/00268970009483375},
	
	URL = { 
	https://doi.org/10.1080/00268970009483375}
}

@inbook{pac93,
	author = {Pacher, T. and Cederbaum, L. S. and Köppel, H.},
	publisher = {John Wiley & Sons, Ltd},
	isbn = {9780470141427},
	title = {Adiabatic and Quasidiabatic States in a Gauge Theoretical Framework},
	booktitle = {Advances in Chemical Physics},
	chapter = {},
	pages = {293-391},
	doi = {https://doi.org/10.1002/9780470141427.ch4},
	url = {https://onlinelibrary.wiley.com/doi/abs/10.1002/9780470141427.ch4},
	year = {1993}
}

@article{erv91,
	author = {Ervin, Kent M. and Lineberger, W. C.},
	title = {Photoelectron spectra of dicarbon(1-) and ethynyl(1-)},
	journal = {The Journal of Physical Chemistry},
	volume = {95},
	pages = {1167-1177},
	year = {1991},
	doi = {10.1021/j100156a026},
	URL = { 
	http://dx.doi.org/10.1021/j100156a026}
}

@article{han85,
	author = {Eric W. Hansen and Phaih-Lan Law},
	journal = {Journal of the Optical Society of America A},
	keywords = {},
	pages = {510--520},
	publisher = {OSA},
	title = {Recursive methods for computing the Abel transform and its inverse},
	volume = {2},
	year = {1985},
	url = {http://josaa.osa.org/abstract.cfm?URI=josaa-2-4-510},
	doi = {10.1364/JOSAA.2.000510}
}

@inbook{kou84,
	author = {K\"{o}uppel, H. and Domcke, W. and Cederbaum, L. S.},
	publisher = {{John Wiley \& Sons, Ltd}},
	isbn = {9780470142813},
	title = {Multimode Molecular Dynamics Beyond the Born-Oppenheimer Approximation},
	booktitle = {Advances in Chemical Physics},
	chapter = {},
	pages = {59-246},
	doi = {https://doi.org/10.1002/9780470142813.ch2},
	url = {https://onlinelibrary.wiley.com/doi/abs/10.1002/9780470142813.ch2},
	year = {1984}
}

@article{dom81,
	author = { W.   Domcke  and  H.   Köppel  and  L.S.   Cederbaum },
	title = {Spectroscopic effects of conical intersections of molecular potential energy surfaces},
	journal = {Molecular Physics},
	volume = {43},
	number = {4},
	pages = {851-875},
	year  = {1981},
	publisher = {Taylor & Francis},
	doi = {10.1080/00268978100101721},
	URL = { 
	https://doi.org/10.1080/00268978100101721}
}