%Bibliography

%Part II

@article{hic19,
	author = {Hickstein,Daniel D.  and Gibson,Stephen T.  and Yurchak,Roman 
	and Das,Dhrubajyoti D.  and Ryazanov,Mikhail },
	title = {A direct comparison of high-speed methods for the numerical
	Abel transform},
	journal = {Rev. Sci. Instrum.},
	volume = {90},
	number = {6},
	pages = {065115},
	year = {2019},
	doi = {10.1063/1.5092635},
	URL = {
	https://doi.org/10.1063/1.5092635}
	
}

@article{wei18,
	author = {Weichman, Marissa L. and Neumark, Daniel M.},
	title = {Slow Photoelectron Velocity-Map Imaging of Cryogenically Cooled Anions},
	journal = {Annual Review of Physical Chemistry},
	volume = {69},
	pages = {101-124},
	year = {2018},
	doi = {10.1146/annurev-physchem-050317-020808},
	URL = { 
	https://doi.org/10.1146/annurev-physchem-050317-020808}
}


@article{le18,
	title = "Analysis of the {$\tilde{A}-\tilde{X}$} bands of the ethynyl radical near 1.48 $\mu$m and re-evaluation of {$\tilde{X}$} state energies",
	journal = "Journal of Molecular Spectroscopy",
	volume = "349",
	pages = "64 - 70",
	year = "2018",
	issn = "0022-2852",
	doi = "https://doi.org/10.1016/j.jms.2018.04.006",
	url = "http://www.sciencedirect.com/science/article/pii/S0022285218300729",
	author = "A.T. Le and Eisen C. Gross and Gregory E. Hall and Trevor J. Sears",
	keywords = "Free radical, Spectra, Ethynyl, CH, Hotband"
}

@article{dev18,
	author = {DeVine, Jessalyn A. and Weichman, Marissa L. and Xie, Changjian and Babin, Mark C. and Johnson, Mark A. and Ma, Jianyi and Guo, Hua and Neumark, Daniel M.},
	title = {Autodetachment from Vibrationally Excited Vinylidene Anions},
	journal = {The Journal of Physical Chemistry Letters},
	volume = {9},
	pages = {1058-1063},
	year = {2018},
	doi = {10.1021/acs.jpclett.8b00144},
	URL = { 
	https://doi.org/10.1021/acs.jpclett.8b00144}
}


@article{law17,
	author = {Laws, B. A. and Cavanagh, S. J. and Lewis, B. R. and Gibson, S. T.},
	title = {{NOO Peroxy Isomer Exposed with Velocity-Map Imaging}},
	journal = {The Journal of Physical Chemistry Letters},
	volume = {8},
	pages = {4397-4401},
	year = {2017},
	doi = {10.1021/acs.jpclett.7b02183},
	URL = { 
	http://dx.doi.org/10.1021/acs.jpclett.7b02183}
}

@article{gas17,
	author = {Gascooke,Jason R.  and Gibson,Stephen T.  and Lawrance,Warren D. },
	title = {A “circularisation” method to repair deformations and determine the centre of velocity map images},
	journal = {The Journal of Chemical Physics},
	volume = {147},
	pages = {013924},
	year = {2017},
	doi = {10.1063/1.4981024},
	URL = { 
	https://doi.org/10.1063/1.4981024}
}

@article{law17c,
	author = {Laws, B. A. and Cavanagh, S. J. and Lewis, B. R. and Gibson, S. T.},
	title = {{NO$_2^-$} Photoelectron Spectrum},
	journal = {The Journal of Physical Chemistry},
	volume = {},
	pages = {},
	year = {2018},
	doi = {},
	note ={(In Preparation)},
	URL = { }
}

@article{law17b,
	author = {Laws, B. A. and Cavanagh, S. J. and Lewis, B. R. and Gibson, S. T.},
	title = {Fine structure in the {NO$^-$} Photoelectron Spectrum},
	journal = {The Journal of Physical Chemistry},
	volume = {},
	pages = {},
	year = {2018},
	doi = {},
	note ={(In Preparation)},
	URL = { }
}

@article {dev17,
	author = {DeVine, Jessalyn A. and Weichman, Marissa L. and Laws, Benjamin and Chang, Jing and Babin, Mark C. and Balerdi, Garikoitz and Xie, Changjian and Malbon, Christopher L. and Lineberger, W. Carl and Yarkony, David R. and Field, Robert W. and Gibson, Stephen T. and Ma, Jianyi and Guo, Hua and Neumark, Daniel M.},
	title = {Encoding of vinylidene isomerization in its anion photoelectron spectrum},
	volume = {358},
	pages = {336--339},
	year = {2017},
	doi = {10.1126/science.aao1905},
	publisher = {American Association for the Advancement of Science},
	issn = {0036-8075},
	URL = {http://science.sciencemag.org/content/358/6361/336},
	eprint = {http://science.sciencemag.org/content/358/6361/336.full.pdf},
	journal = {Science}
}

@article{hos17,
	author = {Hossain, Ekram and Deng, Shihu M. and Gozem, Samer and Krylov, Anna I. and Wang, Xue-Bin and Wenthold, Paul G.},
	title = {Photoelectron Spectroscopy Study of Quinonimides},
	journal = {Journal of the American Chemical Society},
	volume = {139},
	pages = {11138-11148},
	year = {2017},
	doi = {10.1021/jacs.7b05197},
	URL = { 
	http://dx.doi.org/10.1021/jacs.7b05197}
	
}

@article{gan17,
	author = {B. Gans and G. A. Garcia and F. Holzmeier and J. Krüger and A. Röder and A. Lopes and C. Fittschen and J.-C. Loison and C. Alcaraz},
	title = {Communication: On the first ionization threshold of the {C$_2$H} radical},
	journal = {The Journal of Chemical Physics},
	volume = {146},
	pages = {011101},
	year = {2017},
	doi = {10.1063/1.4973383},
	URL = { 
	https://doi.org/10.1063/1.4973383}
	
}

@article {kar17,
	author = {Karadakov, Peter B. and Kirsopp, Josh},
	title = {Magnetic Shielding Studies of {C$_2$} and {C$_2$H$_2$} Support Higher than Triple Bond Multiplicity in {C$_2$}},
	journal = {Chemistry: A European Journal},
	volume = {23},
	issn = {1521-3765},
	url = {http://dx.doi.org/10.1002/chem.201703051},
	doi = {10.1002/chem.201703051},
	pages = {12949--12954},
	keywords = {alkynes, bond multiplicity, dicarbon, off-nucleus magnetic shielding tensor, quadruple bond},
	year = {2017},
}

@article{kep17,
	author = {Kepp, Kasper P.},
	title = {{Trends in Strong Chemical Bonding in C$_2$, CN, CN$^-$, CO, N$_2$, NO, NO$^+$, and O$_2$}},
	journal = {The Journal of Physical Chemistry A},
	volume = {121},
	pages = {9092-9098},
	year = {2017},
	doi = {10.1021/acs.jpca.7b08201},
	URL = { 
	http://dx.doi.org/10.1021/acs.jpca.7b08201}
}

@article{wes17,
	title = "PGOPHER: A program for simulating rotational, vibrational and electronic spectra",
	journal = "Journal of Quantitative Spectroscopy and Radiative Transfer",
	volume = "186",
	pages = "221 - 242",
	year = "2017",
	note = "Satellite Remote Sensing and Spectroscopy: Joint ACE-Odin Meeting, October 2015",
	issn = "0022-4073",
	doi = "https://doi.org/10.1016/j.jqsrt.2016.04.010",
	url = "http://www.sciencedirect.com/science/article/pii/S0022407316300437",
	author = "Colin M. Western"
}

@misc{pya16,
	author  = {D. D. Hickstein and R. Yurchak and D. Das and C.-Y. Shih
	and S. T. Gibson},
	title   = {{PyAbel} (v0.7): A Python package for Abel transforms},
	howpublished = {https://github.com/PyAbel/PyAbel},
	doi     = {10.5281/zenodo.47423},
	year    = {2016}
	}

@article{kub16,
	author = {Kubas, Adam and Berger, Daniel and Oberhofer, Harald and Maganas, Dimitrios and Reuter, Karsten and Neese, Frank},
	title = {Surface Adsorption Energetics Studied with “Gold Standard” Wave-Function-Based Ab Initio Methods: Small-Molecule Binding to {TiO$_2$}(110)},
	journal = {The Journal of Physical Chemistry Letters},
	volume = {7},
	pages = {4207-4212},
	year = {2016},
	doi = {10.1021/acs.jpclett.6b01845},
	URL = { 
	https://doi.org/10.1021/acs.jpclett.6b01845}
	
}


@article {zou16,
	author = {Zou, Wenli and Cremer, Dieter},
	title = {{C$_2$} in a Box: Determining Its Intrinsic Bond Strength for the {$X^1\Sigma_g^+$} Ground State},
	journal = {Chemistry: A European Journal},
	volume = {22},
	issn = {1521-3765},
	url = {http://dx.doi.org/10.1002/chem.201503750},
	doi = {10.1002/chem.201503750},
	pages = {4087--4099},
	keywords = {ab initio calculations, bond strength, carbon, force constants, quadruple bonds, space confinement analysis},
	year = {2016},
}


@Article{zho16,
author ="Zhong, Ronglin and Zhang, Min and Xu, Hongliang and Su, Zhongmin",
title  ="Latent harmony in dicarbon between {VB} and {MO} theories through orthogonal hybridization of {3$\sigma_g$} and {$2\sigma_u$}",
journal  ="Chemical Science",
year  ="2016",
volume  ="7",
issue  ="2",
pages  ="1028-1032",
publisher  ="The Royal Society of Chemistry",
doi  ="10.1039/C5SC03437J",
url  ="http://dx.doi.org/10.1039/C5SC03437J"
}

@book{ber16,
title = "Spectra of Atoms and Molecules",
author = "Peter F. Bernath",
year = "2016",
publisher = "Oxford University Press"
}	

@article{gen16,
	title = {One- and two-photon detachment of {{O}}$^{\ensuremath{-}}$},
	author = {G\'en\'evriez, Matthieu and Urbain, Xavier and Dochain, Arnaud and Cyr, Alain and Dunseath, Kevin M. and Terao-Dunseath, Mariko},
	journal = {Physical Review A},
	volume = {94},
	issue = {2},
	pages = {023407},
	numpages = {11},
	year = {2016},
	publisher = {American Physical Society},
	doi = {10.1103/PhysRevA.94.023407},
	url = {https://link.aps.org/doi/10.1103/PhysRevA.94.023407}
}


@article {sha16,
	author = {Shaik, Sason and Danovich, David and Braida, Benoit and Hiberty, Philippe C.},
	title = {{A Response to a Comment by G. Frenking and M. Hermann on: “The Quadruple Bonding in C$_2$ Reproduces the Properties of the Molecule”}},
	journal = {Chemistry – A European Journal},
	volume = {22},
	issn = {1521-3765},
	url = {http://dx.doi.org/10.1002/chem.201602840},
	doi = {10.1002/chem.201602840},
	pages = {18977--18980},
	keywords = {bond order, bond strength, bonding analysis, C2, promotion energy, quadruple bonds, valence bonds},
	year = {2016}
}

@article{dev16,
	author = {DeVine, Jessalyn A. and Weichman, Marissa L. and Zhou, Xueyao and Ma, Jianyi and Jiang, Bin and Guo, Hua and Neumark, Daniel M.},
	title = {Non-Adiabatic Effects on Excited States of Vinylidene Observed with Slow Photoelectron Velocity-Map Imaging},
	journal = {Journal of the American Chemical Society},
	volume = {138},
	pages = {16417-16425},
	year = {2016},
	doi = {10.1021/jacs.6b10233}
}

@article {mac16,
	title = "Puzzles in bonding and spectroscopy: the case of dicarbon",
	journal = "Science Progress",
	year = "2016",
	volume = "99",
	pages = "1-58",
	doi = "doi:10.3184/003685016X14509452393033",
	author = "Macrae, Roderick M."
}

@article{sou16,
	author = {Sousa Oliveira and Nascimento Chaer},
	title = {Is There a Quadruple Bond in {C2}?},
	journal = {Journal of Chemical Theory and Computation},
	volume = {12},
	pages = {2234-2241},
	year = {2016},
	doi = {10.1021/acs.jctc.6b00055},
	URL = { 
	http://dx.doi.org/10.1021/acs.jctc.6b00055   
	}
	
}

@article{anh16,
	author = {Le,Anh T.  and Hall,Gregory E.  and Sears,Trevor J. },
	title = {The near-infrared spectrum of ethynyl radical},
	journal = {The Journal of Chemical Physics},
	volume = {145},
	number = {7},
	pages = {074306},
	year = {2016},
	doi = {10.1063/1.4961019},
	URL = { 
	https://doi.org/10.1063/1.4961019}
}

@article{lim16,
	title = "Observation of the {C$_2$H} radical using (1+2) REMPI via the {$\tilde{B}\,^2A' \leftarrow \tilde{X}^2\Sigma^+$} transition",
	journal = "Chemical Physics",
	volume = "479",
	pages = "91 - 98",
	year = "2016",
	issn = "0301-0104",
	doi = "https://doi.org/10.1016/j.chemphys.2016.09.026",
	url = "http://www.sciencedirect.com/science/article/pii/S0301010416302166",
	author = "Tej B. Limbu and Kenneth J. PÃ©rez Quintero and Arturo Hidalgo and Vladimir I. Makarov and Dachun Huang and Gerardo Morell and Brad R. Weiner"
}

@article {sha16b,
	author = {Shaik, Sason and Danovich, David and Braida, Benoit and Hiberty, Philippe C.},
	title = {The Quadruple Bonding in {C$_2$} Reproduces the Properties of the Molecule},
	journal = {Chemistry: A European Journal},
	volume = {22},
	issn = {1521-3765},
	url = {http://dx.doi.org/10.1002/chem.201600011},
	doi = {10.1002/chem.201600011},
	pages = {4116--4128},
	keywords = {bond dissociation energy, bond order, bonding, C2, force constants, quadruple bonds, valence bonds},
	year = {2016},
}

@unpublished{hic16,
author  = {D. D. Hickstein and R. Yurchak and D. Das and C.-Y. Shih and
           S. T. Gibson},
title   = {{PyAbel: a python package for Abel transforms}},
doi     = {10.5281/zendo.47423},
note    = {doi: 10.5281/zendo.47423},
year    = 2016}

@article{dob16,
	title = "{1D}-coupled photochemical model of neutrals, cations and anions in the atmosphere of {Titan}",
	journal = "Icarus",
	volume = "268",
	pages = "313 - 339",
	year = "2016",
	issn = "0019-1035",
	doi = "https://doi.org/10.1016/j.icarus.2015.12.045",
	url = "http://www.sciencedirect.com/science/article/pii/S0019103515006119",
	author = "M. Dobrijevic and J.C. Loison and K.M. Hickson and G. Gronoff",
	keywords = "Titan, Photochemistry, Ionospheres, Atmospheres, composition, Atmospheres, chemistry"
}

@article {fre16,
	author = {Frenking, Gernot and Hermann, Markus},
	title = {Comment on “The Quadruple Bonding in {C$_2$} Reproduces the Properties of the Molecule”},
	journal = {Chemistry: A European Journal},
	volume = {22},
	issn = {1521-3765},
	url = {http://dx.doi.org/10.1002/chem.201601382},
	doi = {10.1002/chem.201601382},
	pages = {18975--18976},
	keywords = {bond order, bond strength, bonding analysis, C2, electronic state, multiple bonding, σ bonding},
	year = {2016},
}

@unpublished{moz16,
author  = {V. A. Mozhayskiy and A. I. Krylov},
title   = {EZSPECTRUM},
doi     = {http://iopenshell.usc.edu/downloads},
year    = 2016}

@thesis{cha15,
author = "Chartkunchand, K.",
title = "Photodetachment studies of atomic negative ions through velocity-map imaging spectroscopy",
year = "2015",
institution = "University of Nevada, Reno"
}

@article{oli15,
	author = {Oliveira, Allan M. and Lu, Yu-Ju and Lehman, Julia H. and Changala, P. Bryan and Baraban, Joshua H. and Stanton, John F. and Lineberger, W. Carl},
	title = {Photoelectron Spectroscopy of the Methide Anion: Electron Affinities of {•CH$_3$ and •CD$_3$ and Inversion Splittings of CH$_3^-$ and CD$_3^-$}},
	journal = {Journal of the American Chemical Society},
	volume = {137},
	pages = {12939-12945},
	year = {2015},
	doi = {10.1021/jacs.5b07013},
	URL = { 
	http://dx.doi.org/10.1021/jacs.5b07013}
}

@article{sai15,
Author = {Mukherjee, Saikat and Mukherjee, Bijit and Sardar, Subhankar and
Adhikari, Satrajit},
Title = {{Ab initio constructed diabatic surfaces of NO$_2$ and the photodetachment
spectra of its anion}},
Journal = {{The Journal of Chemical Physics}},
Year = {{2015}},
Volume = {{143}},

DOI = {{10.1063/1.4938526}},

ISSN = {{0021-9606}},
EISSN = {{1089-7690}},
Unique-ID = {{ISI:000370412900092}},
}

@article{coo15,
	title = "Why is the bond multiplicity in {C$_2$} so elusive?",
	journal = "Computational and Theoretical Chemistry",
	volume = "1053",
	pages = "189 - 194",
	year = "2015",
	note = "Special Issue: Understanding structure and reactivity from topology and beyond",
	issn = "2210-271X",
	doi = "https://doi.org/10.1016/j.comptc.2014.08.024",
	url = "http://www.sciencedirect.com/science/article/pii/S2210271X1400379X",
	author = "David L. Cooper and Fabio E. Penotti and Robert Ponec",
	keywords = "Bond multiplicity in C, Full GVB and spin-coupled, Spin correlation matrices, Domain-averaged Fermi holes, QTAIM-generalized Wiberg–Mayer index"
}

@article{guo15,
	author = {Guo, Lifen and Han, Huixian and Ma, Jianyi and Guo, Hua},
	title = {Quantum Dynamics of Vinylidene Photodetachment on an Accurate Global Acetylene-Vinylidene Potential Energy Surface},
	journal = {The Journal of Physical Chemistry A},
	volume = {119},
	pages = {8488-8496},
	year = {2015},
	doi = {10.1021/acs.jpca.5b05061},
	URL = { 
	http://dx.doi.org/10.1021/acs.jpca.5b05061}
}	

@article{sha15,
	author = {Yihan Shao and Zhengting Gan and Evgeny Epifanovsky and Andrew T.B. Gilbert and Michael Wormit and Joerg Kussmann and Adrian W. Lange and Andrew Behn and Jia Deng and Xintian Feng and Debashree Ghosh and Matthew Goldey and Paul R. Horn and Leif D. Jacobson and Ilya Kaliman and Rustam Z. Khaliullin and Tomasz Kuś and Arie Landau and Jie Liu and Emil I. Proynov and Young Min Rhee and Ryan M. Richard and Mary A. Rohrdanz and Ryan P. Steele and Eric J. Sundstrom and H. Lee Woodcock III and Paul M. Zimmerman and Dmitry Zuev and Ben Albrecht and Ethan Alguire and Brian Austin and Gregory J. O. Beran and Yves A. Bernard and Eric Berquist and Kai Brandhorst and Ksenia B. Bravaya and Shawn T. Brown and David Casanova and Chun-Min Chang and Yunqing Chen and Siu Hung Chien and Kristina D. Closser and Deborah L. Crittenden and Michael Diedenhofen and Robert A. DiStasio Jr. and Hainam Do and Anthony D. Dutoi and Richard G. Edgar and Shervin Fatehi and Laszlo Fusti-Molnar and An Ghysels and Anna Golubeva-Zadorozhnaya and Joseph Gomes and Magnus W.D. Hanson-Heine and Philipp H.P. Harbach and Andreas W. Hauser and Edward G. Hohenstein and Zachary C. Holden and Thomas-C. Jagau and Hyunjun Ji and Benjamin Kaduk and Kirill Khistyaev and Jaehoon Kim and Jihan Kim and Rollin A. King and Phil Klunzinger and Dmytro Kosenkov and Tim Kowalczyk and Caroline M. Krauter and Ka Un Lao and Adèle D. Laurent and Keith V. Lawler and Sergey V. Levchenko and Ching Yeh Lin and Fenglai Liu and Ester Livshits and Rohini C. Lochan and Arne Luenser and Prashant Manohar and Samuel F. Manzer and Shan-Ping Mao and Narbe Mardirossian and Aleksandr V. Marenich and Simon A. Maurer and Nicholas J. Mayhall and Eric Neuscamman and C. Melania Oana and Roberto Olivares-Amaya and Darragh P. O’Neill and John A. Parkhill and Trilisa M. Perrine and Roberto Peverati and Alexander Prociuk and Dirk R. Rehn and Edina Rosta and Nicholas J. Russ and Shaama M. Sharada and Sandeep Sharma and David W. Small and Alexander Sodt and Tamar Stein and David Stück and Yu-Chuan Su and Alex J.W. Thom and Takashi Tsuchimochi and Vitalii Vanovschi and Leslie Vogt and Oleg Vydrov and Tao Wang and Mark A. Watson and Jan Wenzel and Alec White and Christopher F. Williams and Jun Yang and Sina Yeganeh and Shane R. Yost and Zhi-Qiang You and Igor Ying Zhang and Xing Zhang and Yan Zhao and Bernard R. Brooks and Garnet K.L. Chan and Daniel M. Chipman and Christopher J. Cramer and William A. Goddard III and Mark S. Gordon and Warren J. Hehre and Andreas Klamt and Henry F. Schaefer III and Michael W. Schmidt and C. David Sherrill and Donald G. Truhlar and Arieh Warshel and Xin Xu and Alán Aspuru-Guzik and Roi Baer and Alexis T. Bell and Nicholas A. Besley and Jeng-Da Chai and Andreas Dreuw and Barry D. Dunietz and Thomas R. Furlani and Steven R. Gwaltney and Chao-Ping Hsu and Yousung Jung and Jing Kong and Daniel S. Lambrecht and WanZhen Liang and Christian Ochsenfeld and Vitaly A. Rassolov and Lyudmila V. Slipchenko and Joseph E. Subotnik and Troy Van Voorhis and John M. Herbert and Anna I. Krylov and Peter M.W. Gill and Martin Head-Gordon},
	title = {Advances in molecular quantum chemistry contained in the {Q-Chem} 4 program package},
	journal = {Molecular Physics},
	volume = {113},
	pages = {184-215},
	year = {2015},
	doi = {10.1080/00268976.2014.952696}
}


@misc{nist15,
author = {A.~Kramida and {Yu.~Ralchenko} and
J.~Reader and {and NIST ASD Team}},
HOWPUBLISHED = {{NIST Atomic Spectra Database
(ver. 5.3), [Online]. Available:
{\tt{http://physics.nist.gov/asd}} [2016, May 16].
National Institute of Standards and Technology,
Gaithersburg, MD.}},
year = {2015},
}

@article{mor15,
	author = {Morgan, W. James and Fortenberry, Ryan C.},
	title = {Theoretical Rovibronic Treatment of the {$X ^2\Sigma^+$ and $A ^2\Pi$ States of C$_2$H and the $X ^1\Sigma^+$ State of C$_2$H$^-$} from Quartic Force Fields},
	journal = {The Journal of Physical Chemistry A},
	volume = {119},
	pages = {7013-7025},
	year = {2015},
	doi = {10.1021/acs.jpca.5b03489},
	URL = { 
	http://dx.doi.org/10.1021/acs.jpca.5b03489}
}

@article{par15,
	author = {Park, G. Barratt and Steeves, Adam H. and Baraban, Joshua H. and Field, Robert W.},
	title = {Simplified Cartesian Basis Model for Intrapolyad Emission Intensities in the Bent-to-Linear Electronic Transition of Acetylene},
	journal = {The Journal of Physical Chemistry A},
	volume = {119},
	pages = {857-865},
	year = {2015},
	doi = {10.1021/jp5113608},
	URL = { 
	http://dx.doi.org/10.1021/jp5113608}
}

@book{fie15,
author = "Robert W. Field",
year = "2015",
title = "Spectra and Dynamics of Small Molecules",
publisher ="Springer International Publishing"
}

@article{nuk15,
title   = {{\emph{Ab initio} constructed diabatic surfaces of NO$_2$ and
the photodetachment spectra of its anion}},
author  = {S. Mukherjee and B. Mukherjee and S. Sardar and S. Adhikari},
journal = {The Journal of Chemical Physics},
volume = 143,
pages = 244307,
doi = {10.1063/1.4938526},
year = 2015}

@article{goz15,
	author = {Gozem, Samer and Gunina, Anastasia O. and Ichino, Takatoshi and Osborn, David L. and Stanton, John F. and Krylov, Anna I.},
	title = {Photoelectron Wave Function in Photoionization: Plane Wave or Coulomb Wave?},
	journal = {The Journal of Physical Chemistry Letters},
	volume = {6},
	pages = {4532-4540},
	year = {2015},
	doi = {10.1021/acs.jpclett.5b01891}
}

@article {bar15,
	author = {Baraban, Joshua H. and Changala, P. Bryan and Mellau, Georg Ch. and Stanton, John F. and Merer, Anthony J. and Field, Robert W.},
	title = {Spectroscopic characterization of isomerization transition states},
	volume = {350},
	pages = {1338--1342},
	year = {2015},
	doi = {10.1126/science.aac9668},
	publisher = {American Association for the Advancement of Science},
	issn = {0036-8075},
	URL = {http://science.sciencemag.org/content/350/6266/1338},
	eprint = {http://science.sciencemag.org/content/350/6266/1338.full.pdf},
	journal = {Science}
}

@article{yih15,
author = {Yihan Shao and Zhengting Gan and Evgeny Epifanovsky and Andrew T.B. Gilbert and John M. Herbert and Anna I. Krylov and Peter M.W. Gill and Martin Head-Gordon},
title = {Advances in molecular quantum chemistry contained in the Q-Chem 4 program package},
journal = {Molecular Physics},
volume = {113},
pages = {184-215},
year = {2015},
doi = {10.1080/00268976.2014.952696},
}



@misc{wal15,
  title    = "Understanding the Health Impacts of Air Pollution in {London}",
  keywords = "Atmospheric Science, Environmental Science(all), Pollution",
  author   = "H. Walton and D. Dajnak and S. Beevers and M. Williams and P. Watkiss and A.Hunt.",
  year     = "2015"
}

@article{khu14,
   author = "Khuseynov, Dmitry and Blackstone, Christopher C. and Culberson, Lori M. and Sanov, Andrei",
   title = "Photoelectron angular distributions for states of any mixed character: An experiment-friendly model for atomic, molecular, and cluster anions",
   journal = "The Journal of Chemical Physics",
   year = "2014",
   volume = "141",
   pages = "124312",
   doi = "http://dx.doi.org/10.1063/1.4896241" 
}

@article{osb14,
	author = {Osborn, David L. and Vogelhuber, Kristen M. and Wren, Scott W. and Miller, Elisa M. and Lu, Yu-Ju and Case, Amanda S. and Sheps, Leonid and McMahon, Robert J. and Stanton, John F. and Harding, Lawrence B. and Ruscic, Branko and Lineberger, W. Carl},
	title = {Electronic States of the Quasilinear Molecule Propargylene (HCCCH) from Negative Ion Photoelectron Spectroscopy},
	journal = {Journal of the American Chemical Society},
	volume = {136},
	pages = {10361-10372},
	year = {2014},
	doi = {10.1021/ja5039984}
}

@article{wan14,
	title = "Quantum chemical simulations reveal acetylene-based growth mechanisms in the chemical vapor deposition synthesis of carbon nanotubes",
	journal = "Carbon",
	volume = "72",
	pages = "22 - 37",
	year = "2014",
	issn = "0008-6223",
	doi = "https://doi.org/10.1016/j.carbon.2014.01.020",
	url = "http://www.sciencedirect.com/science/article/pii/S0008622314000566",
	author = "Ying Wang and Xingfa Gao and Hu-Jun Qian and Yasuhito Ohta and Xiaona Wu and Gyula Eres and Keiji Morokuma and Stephan Irle"
}

@article{boy14,
	author = {Séverine Boyé-Péronne and Dolores Gauyacq and Jacques Liévin},
	title = {Theoretical description of electronically excited vinylidene up to 10 eV: First high level ab initio study of singlet valence and Rydberg states},
	journal = {The Journal of Chemical Physics},
	volume = {141},
	pages = {174317},
	year = {2014},
	doi = {10.1063/1.4900875},
	URL = { 
	http://dx.doi.org/10.1063/1.4900875}
}

@article{won14,
	author = {Kin‐Yiu Wong and Yuqing Xu and Darrin M. York},
	title = {Ab initio path integral calculations of kinetic and equilibrium isotope effects on base‐catalyzed {RNA} transphosphorylation models},
	journal = {Journal of Computational Chemistry},
	volume = {35},
	pages = {1302-1316},
	keywords = {ab initio, path integral, kinetic isotope effects, equilibrium isotope effects, biocatalysis, RNA, transphosphorylation, Bigeleisen equation, anharmonicity, quantum tunneling},
	doi = {10.1002/jcc.23628},
	year = {2014},
	url = {https://onlinelibrary.wiley.com/doi/abs/10.1002/jcc.23628}
}

@article{liu14,
author  = {Y.~Liu and J.~Zhang},
title   = {{Atmospheric peroxy radical measurements using dual-channel
chemical amplification cavity ringdown spectroscopy}},
journal = {Anal. Chem.},
volume  = 86,
pages   = {5391-5398},
DOI     = {10.1021/ac5004689},
year    = 2014}

@article{han14,
	author = {Huixian Han and Anyang Li and Hua Guo},
	title = {Toward spectroscopically accurate global ab initio potential energy surface for the acetylene-vinylidene isomerization},
	journal = {The Journal of Chemical Physics},
	volume = {141},
	pages = {244312},
	year = {2014},
	doi = {10.1063/1.4904859},
	
	URL = { 
	http://dx.doi.org/10.1063/1.4904859
	}
}

@article {fau14,
	author = {Faustini, Annunziata and Rapp, Regula and Forastiere, Francesco},
	title = {Nitrogen dioxide and mortality: review and meta-analysis of long-term studies},
	year = {2014},
	doi = {10.1183/09031936.00114713},
	publisher = {European Respiratory Society},
	journal = {European Respiratory Journal}
}

@article{san14,
	author = {Andrei Sanov},
	title = {Laboratory-Frame Photoelectron Angular Distributions in Anion Photodetachment: Insight into Electronic Structure and Intermolecular Interactions},
	journal = {Annual Review of Physical Chemistry},
	volume = {65},
	pages = {341-363},
	year = {2014},
	doi = {10.1146/annurev-physchem-040513-103656},
	
}

@article{ber13,
	author = "Isaac B. Bersuker",
	title = "{Pseudo$-$Jahn Teller effect: A} Two-State Paradigm in Formation, Deformation, and Transformation of Molecular Systems and Solids",
	journal = "Chemical Reviews",
	year = "2013",
	volume = "113",
	pages = "1351-1390",
	doi = "10.1021/cr300279n"
}

@article{ram13,
	author = {Ramabhadran, Raghunath O. and Raghavachari, Krishnan},
	title = {Extrapolation to the Gold-Standard in Quantum Chemistry: Computationally Efficient and Accurate CCSD(T) Energies for Large Molecules Using an Automated Thermochemical Hierarchy},
	journal = {Journal of Chemical Theory and Computation},
	volume = {9},
	pages = {3986-3994},
	year = {2013},
	doi = {10.1021/ct400465q}
}

@ARTICLE{oma13,
	author={Omachi, H. and Nakayama, T. and Takahashi, E. and Segawa, Y. and Itami, K.},
	title={Initiation of carbon nanotube growth by well-defined carbon nanorings},
	journal={Nature Chemistry},
	year={2013},
	volume={5},
	number={7},
	pages={572-576},
	doi={10.1038/nchem.1655},
	note={cited By 206},
	url={https://www.scopus.com/inward/record.uri?eid=2-s2.0-84879376438&doi=10.1038%2fnchem.1655&partnerID=40&md5=dd2ef8d632c7bf0c3c073965092e226c},
	document_type={Article},
	source={Scopus}
}

@article{san13,
	author = {Andrei Sanov and Emily R. Grumbling and Daniel J. Goebbert and Lori M. Culberson},
	title = {Photodetachment anisotropy for mixed s-p states: 8/3 and other fractions},
	journal = {The Journal of Chemical Physics},
	volume = {138},
	pages = {054311},
	year = {2013},
	doi = {10.1063/1.4789811},
	URL = { 
	https://doi.org/10.1063/1.4789811}
}

@article{lin13,
	author = {Lineberger, W. Carl},
	title = {Once upon Anion: A Tale of Photodetachment},
	journal = {Annual Review of Physical Chemistry},
	volume = {64},
	pages = {21-36},
	year = {2013},
	doi = {10.1146/annurev-physchem-032511-143753},
	URL = { 
	https://doi.org/10.1146/annurev-physchem-032511-143753}
}

@article{wu13,
	author={Wu Jian-Hua and Yuan Jian-Min and Vo Ky Lan},
	title={Near threshold photodetachment cross section of negative atomic oxygen ions},
	journal={Chinese Physics},
	volume={12},
	pages={1390},
	url={http://stacks.iop.org/1009-1963/12/i=12/a=010},
	year={2003}
}

@article{yur13,
	title = "Gold-standard coupled-cluster study of the ground-state chromium dimer cation",
	journal = "Chemical Physics Letters",
	volume = "555",
	pages = "84 - 86",
	year = "2013",
	note = "",
	issn = "0009-2614",
	doi = "http://dx.doi.org/10.1016/j.cplett.2012.11.017",
	url = "http://www.sciencedirect.com/science/article/pii/S0009261412013085",
	author = "Yurika Yamada and Kenta Hongo and Kazuhiro Egashira and Yukiumi Kita and Umpei Nagashima and Masanori Tachikawa"
	
}



@article {sha13,
	author = {Shaik, Sason and Rzepa, Henry S. and Hoffmann, Roald},
	title = {One Molecule, Two Atoms, Three Views, Four Bonds?},
	journal = {Angewandte Chemie International Edition},
	volume = {52},
	publisher = {WILEY-VCH Verlag},
	issn = {1521-3773},
	url = {http://dx.doi.org/10.1002/anie.201208206},
	doi = {10.1002/anie.201208206},
	pages = {3020--3033},
	keywords = {C2, diradical, multiconfigurational systems, quadruple bond, valence bond},
	year = {2013}
}



@article {cra13,
	author = {Kyle N. Crabtree and Marat R. Talipov and Oscar Martinez and Gerard D. O{\textquoteright}Connor and Sergey L. Khursan and Michael C. McCarthy},
	title = {Detection and structure of {HOON}: microwave spectroscopy reveals an {O$-$O} bond exceeding 1.9{{$\AA$}} },
	volume = {342},
	pages = {1354--1357},
	year = {2013},
	doi = {10.1126/science.1244180},
	publisher = {American Association for the Advancement of Science},
	issn = {0036-8075},
	journal = {Science}
}

@article{sow13,
   author = "Sowlati-Hashjin, Shahin and Matta, Chérif F.",
   title = "The chemical bond in external electric fields: Energies, geometries, and vibrational Stark shifts of diatomic molecules",
   journal = "The Journal of Chemical Physics",
   year = "2013",
   volume = "139",
   eid = 144101,
   pages = "",
   url = "http://scitation.aip.org/content/aip/journal/jcp/139/14/10.1063/1.4820487",
   doi = "http://dx.doi.org/10.1063/1.4820487" 
}

@Article{pro13,
author ="Prozument, Kirill and Shaver, Rachel Glyn and Ciuba, Monika A. and Muenter, John S. and Park, G. Barratt and Stanton, John F. and Guo, Hua and Wong, Bryan M. and Perry, David S. and Field, Robert W.",
title  ="A new approach toward transition state spectroscopy",
journal  ="Faraday Discussions",
year  ="2013",
volume  ="163",
issue  ="0",
pages  ="33-57",
publisher  ="The Royal Society of Chemistry",
doi  ="10.1039/C3FD20160K",
url  ="http://dx.doi.org/10.1039/C3FD20160K"
}

@article{lee13,
	author = {Lee, Hyunwoo and Baraban, Joshua H. and Field, Robert W. and Stanton, John F.},
	title = {High-Accuracy Estimates for the Vinylidene-Acetylene Isomerization Energy and the Ground State Rotational Constants of :C═CH2},
	journal = {The Journal of Physical Chemistry A},
	volume = {117},
	pages = {11679-11683},
	year = {2013},
	doi = {10.1021/jp400035a},
	URL = { 
	http://dx.doi.org/10.1021/jp400035a}
}

@article{cha13,
	author = {Chan, Manchor and Yeung, Shunhin and Wang, Na and Cheung, C.},
	title = {Laser Absorption Spectroscopy of the {$d^3\Pi_g \leftarrow c^3\Sigma_u^+$ transition of C$_2$}},
	journal = {The Journal of Physical Chemistry A},
	volume = {117},
	pages = {9578-9583},
	year = {2013},
	doi = {10.1021/jp3122769},
	URL = { 
	http://dx.doi.org/10.1021/jp3122769}
}

@article {saf13,
author = {Safieddine, S. and Clerbaux, C. and George, M. and Hadji-Lazaro, J. and Hurtmans, D. and Coheur, P.-F. and Wespes, C. and Loyola, D. and Valks, P. and Hao, N.},
title = {Tropospheric ozone and nitrogen dioxide measurements in urban and rural regions as seen by {IASI and GOME-2}},
journal = {Journal of Geophysical Research: Atmospheres},
volume = {118},
issn = {2169-8996},
url = {http://dx.doi.org/10.1002/jgrd.50669},
doi = {10.1002/jgrd.50669},
pages = {10,555--10,566},
year = {2013},
}

@book{jac12, 
edition={2}, 
title={Air Pollution and Global Warming: History, Science, and Solutions}, 
DOI={10.1017/CBO9781139109444}, 
publisher={Cambridge University Press}, 
author={Jacobson, Mark Z.}, 
year={2012}}

@article{hoc12,
	author = {Christian Hock and Jongjin B. Kim and Marissa L. Weichman and Tara I. Yacovitch and Daniel M. Neumark},
	title = {Slow photoelectron velocity-map imaging spectroscopy of cold negative ions},
	journal = {The Journal of Chemical Physics},
	volume = {137},
	pages = {244201},
	year = {2012},
	doi = {10.1063/1.4772406},
	URL = { 
	https://doi.org/10.1063/1.4772406}
	
}

@article{gru12,
	author = "Jorg Grunenberg",
	title = "Quantum chemistry: Qudruply bonded carbon",
	journal = "Nature Chemistry",
	volume = "4",
	pages = "154-155",
	year = "2012",
	publisher = "Nature Publishing Group",
	doi = "10.1038/nchem.1274"
}

@article{nis12,
	author = {Jun Nishida and Shinsuke Shigeto and Sohshi Yabumoto and Hiro-o Hamaguchi},
	title = {Anharmonic coupling of the {CH}-stretch and {CH}-bend vibrations of chloroform as studied by near-infrared electroabsorption spectroscopy},
	journal = {The Journal of Chemical Physics},
	volume = {137},
	pages = {234501},
	year = {2012},
	doi = {10.1063/1.4770264},
	URL = { 
	https://doi.org/10.1063/1.4770264}
}


@article{sha12,
	author = {Sason Shaik and David Danovich and Wei Wu and Peifeng Su and Henry Rzepa and Philippe Hiberty},
	title = {Quadruple bonding in {$C_2$} and analogous eight-valence electron species},
	journal = {Nature Chemistry},
	volume = {4},
	pages = {195-200},
	year = {2012},
	publisher = {Nature Publishing Group},
	doi = {10.1038/nchem.1263}
}

@article{per12,
	author = { David   S.   Perry  and  Jonathan   Martens  and  Badr   Amyay  and  Michel   Herman },
	title = {Hierarchies of intramolecular vibration–rotation dynamical processes in acetylene up to 13,000 cm−1},
	journal = {Molecular Physics},
	volume = {110},
	pages = {2687-2705},
	year  = {2012},
	publisher = {Taylor & Francis},
	doi = {10.1080/00268976.2012.711493},
	URL = { 
	http://dx.doi.org/10.1080/00268976.2012.711493}
}

@article{khu12,
	author = {Khuseynov,Dmitry  and Goebbert,Daniel J.  and Sanov,Andrei },
	title = {Oxygen cluster anions revisited: Solvent-mediated dissociation of the core {O$_4^-$} anion},
	journal = {The Journal of Chemical Physics},
	volume = {136},
	pages = {094312},
	year = {2012},
	doi = {10.1063/1.3691104},
	URL = { 
	https://doi.org/10.1063/1.3691104}
}


@article {tia12,
	author = {Lu, Tian and Chen, Feiwu},
	title = {Multiwfn: A multifunctional wavefunction analyzer},
	journal = {Journal of Computational Chemistry},
	volume = {33},
	publisher = {Wiley Subscription Services, Inc., A Wiley Company},
	issn = {1096-987X},
	url = {http://dx.doi.org/10.1002/jcc.22885},
	doi = {10.1002/jcc.22885},
	pages = {580--592},
	year = {2012}
}

@Article{wil11b,
	author ="Sharp-Williams, Erin N. and Roberts, Melanie A. and Nesbitt, David J.",
	title  ="Dark state vibronic coupling in the {$\tilde{A}(^2\Pi) \leftarrow \tilde{X}(^2\Sigma^+)$} band of ethynyl radical via high resolution infrared absorption spectroscopy",
	journal  ="Phys. Chem. Chem. Phys.",
	year  ="2011",
	volume  ="13",
	issue  ="39",
	pages  ="17474-17483",
	publisher  ="The Royal Society of Chemistry",
	doi  ="10.1039/C1CP21523J",
	url  ="http://dx.doi.org/10.1039/C1CP21523J"}


@article{wil11c,
	author = {Sharp-Williams,Erin N.  and Roberts,Melanie A.  and Nesbitt,David J. },
	title = {High resolution slit-jet infrared spectroscopy of ethynyl radical: {$^2\Pi-\,^2\Sigma^+$} vibronic bands with sub-Doppler resolution},
	journal = {The Journal of Chemical Physics},
	volume = {134},
	number = {6},
	pages = {064314},
	year = {2011},
	doi = {10.1063/1.3532088},
	URL = { 
	https://doi.org/10.1063/1.3532088}
}

@Article{ren11,
author ="Ren, Yinghui and Li, Bin and Bian, Wensheng",
title  ="Full-dimensional quantum dynamics study of vinylidene-acetylene isomerization: a scheme using the normal mode Hamiltonian",
journal  ="Physical Chemistry Chemical Physics",
year  ="2011",
volume  ="13",
issue  ="6",
pages  ="2052-2061",
publisher  ="The Royal Society of Chemistry",
doi  ="10.1039/C0CP01186J"
}

@article{gru11,
	author = {Grumbling,Emily R.  and Sanov,Andrei },
	title = {Photoelectron angular distributions in negative-ion photodetachment from mixed sp states},
	journal = {The Journal of Chemical Physics},
	volume = {135},
	pages = {164302},
	year = {2011},
	doi = {10.1063/1.3653234},
	URL = { 
	https://doi.org/10.1063/1.3653234}
}

@Article{sha11,
author ="Sharp-Williams, Erin N. and Roberts, Melanie A. and Nesbitt, David J.",
title  ="Dark state vibronic coupling in the {A($^2\Pi$)- X($^2\Sigma^+$)} band of ethynyl radical via high resolution infrared absorption spectroscopy",
journal  ="Physical Chemistry Chemical Physics",
year  ="2011",
volume  ="13",
issue  ="39",
pages  ="17474-17483",
publisher  ="The Royal Society of Chemistry",
doi  ="10.1039/C1CP21523J",
url  ="http://dx.doi.org/10.1039/C1CP21523J"
}

@article{oke11,
	author = {P. O’Keeffe and P. Bolognesi and M. Coreno and A. Moise and R. Richter and G. Cautero and L. Stebel and R. Sergo and L. Pravica and Y. Ovcharenko and L. Avaldi},
	title = {A photoelectron velocity map imaging spectrometer for experiments combining synchrotron and laser radiations},
	journal = {Review of Scientific Instruments},
	volume = {82},
	pages = {033109},
	year = {2011},
	doi = {10.1063/1.3563723}
}

@Article{ber11,
author ="Poad, Berwyck and Johnson, Christopher J. and Continetti, Robert E.",
title  ="Photoelectron-photofragment coincidence studies of {NO--X} clusters{ (X = H$_2$O, CD$_4$)}",
journal  ="Faraday Discussions",
year  ="2011",
volume  ="150",
issue  ="0",
pages  ="481-492",
publisher  ="The Royal Society of Chemistry",
doi  ="10.1039/C0FD00006J",
url  ="http://dx.doi.org/10.1039/C0FD00006J"
}

@article{vDu10,
Author = {Van Duzor, Matthew and Mbaiwa, Foster and Wei, 
Jie and Singh, Tulsi and
   Mabbs, Richard and Sanov, Andrei and Cavanagh, Steven J. and Gibson,
   Stephen T. and Lewis, Brenton R. and Gascooke, Jason R.},
Title = {{Vibronic coupling in the superoxide anion: The 
          vibrational dependence of
          the photoelectron angular distribution}},
Journal = {{The Journal of Chemical Physics}},
Year = {{2010}},
Volume = {{133}},


ISSN = {{0021-9606}},
}

@article{ger10,
	author = {Gerardi, Helen K. and Breen, Kristin J. and Guasco, Timothy L. and Weddle, Gary H. and Gardenier, George H. and Laaser, Jennifer E. and Johnson, Mark A.},
	title = {Survey of {Ar}-Tagged Predissociation and Vibrationally Mediated Photodetachment Spectroscopies of the Vinylidene Anion, {C$_2$H$_2^-$}},
	journal = {The Journal of Physical Chemistry A},
	volume = {114},
	pages = {1592-1601},
	year = {2010},
	doi = {10.1021/jp9095419},
	URL = { 
	https://doi.org/10.1021/jp9095419}
}

@article{val10,
title = "NWChem: A comprehensive and scalable open-source solution for large scale molecular simulations ",
journal = "Computer Physics Communications ",
volume = "181",
pages = "1477 - 1489",
year = "2010",
author = "M. Valiev and E.J. Bylaska and N. Govind and K. Kowalski and T.P. Straatsma and H.J.J. Van Dam and D. Wang and J. Nieplocha and E. Apra and T.L. Windus and W.A. de Jong",
}

@Article{wil10,
author ="Wilkinson, Iain and Garcia, Ivan Anton and Whitaker, Benjamin J. and Hamard, Jean-Benoit and Blanchet, Valerie",
title  ="The photodissociation of {NO}{$_2$} by visible and ultraviolet light",
journal  ="Physical Chemistry Chemical Physics",
year  ="2010",
volume  ="12",
issue  ="48",
pages  ="15766-15779",
publisher  ="The Royal Society of Chemistry",
DOI  ="10.1039/C0CP01551B",
url  ="http://dx.doi.org/10.1039/C0CP01551B",
}

@Article{wil10b,
author ="Wilkinson, Iain and J. Whitaker, Benjamin",
title  ="Some remarks on the photodynamics of {NO$_2$}",
journal  ="Annual Reports on the Progress of Chemistry Section C",
year  ="2010",
volume  ="106",
issue  ="0",
pages  ="274-304",
publisher  ="The Royal Society of Chemistry",
DOI  ="10.1039/B924653N",
url  ="http://dx.doi.org/10.1039/B924653N",
}

@article{tho10,
	author = {Phillip S. Thomas and Rabi Chhantyal-Pun and Neal D. Kline and Terry A. Miller},
	title = {The {A-X} absorption of vinoxy radical revisited: Normal and Herzberg–Teller bands observed via cavity ringdown spectroscopy},
	journal = {The Journal of Chemical Physics},
	volume = {132},
	pages = {114302},
	year = {2010},
	doi = {10.1063/1.3352976},
	URL = { 
	https://doi.org/10.1063/1.3352976}
}

@article{ped10,
	title = {Photoelectron spectroscopy of ${{O}}^{\ensuremath{-}}$ at 266 nm: Ratio of ground- and excited-state atomic oxygen production and channel-resolved photoelectron anisotropy parameters},
	author = {Domesle, C. and Jordon-Thaden, B. and Lammich, L. and F\"orstel, M. and Hergenhahn, U. and Wolf, A. and Pedersen, H. B.},
	journal = {Physical Review A},
	volume = {82},
	issue = {3},
	pages = {033402},
	numpages = {6},
	year = {2010},
	publisher = {American Physical Society},
	doi = {10.1103/PhysRevA.82.033402},
	url = {https://link.aps.org/doi/10.1103/PhysRevA.82.033402}
}

@article{mab10,
	title = {Observation of vibration-dependent electron anisotropy in ${{O}}_{2}^{\ensuremath{-}}$ photodetachment},
	author = {Mabbs, Richard and Mbaiwa, Foster and Wei, Jie and Van Duzor, Matthew and Gibson, Stephen T. and Cavanagh, Steven J. and Lewis, Brenton R.},
	journal = {Physical Review A},
	volume = {82},
	issue = {1},
	pages = {011401},
	numpages = {4},
	year = {2010},
	publisher = {American Physical Society},
	doi = {10.1103/PhysRevA.82.011401},
	url = {https://link.aps.org/doi/10.1103/PhysRevA.82.011401}
}


@article{gru10,
author = "Grumbling, Emily R. and Pichugin, Kostyantyn and Velarde, Luis and
   Sanov, Andrei",
title = "Further Evidence for Resonant Photoelectron-Solvent Scattering in
   Nitrous Oxide Cluster Anions",
journal = "The Journal of Physical Chemistry A",
year = "2010",
volume = "114",
pages = "1367-1373",
}

@article{hla09,
	author = {P. Hlavenka and R. Otto and S. Trippel and J. Mikosch and M. Weidemüller and R. Wester},
	title = {Absolute photodetachment cross section measurements of the {O$^-$} and {OH$^-$} anion},
	journal = {The Journal of Chemical Physics},
	volume = {130},
	pages = {061105},
	year = {2009},
	doi = {10.1063/1.3080809}
}

@article{gib09,
	author={S T Gibson and S J Cavanagh and B R Lewis},
	title={Rotationally resolved photodetachment spectrum of OH − , exposed with velocity-map imaging},
	journal={Journal of Physics: Conference Series},
	volume={194},
	pages={022060},
	url={http://stacks.iop.org/1742-6596/194/i=2/a=022060},
	year={2009},
}

@article{jos10,
	author = {Joseph, S. and Varandas, A. J. C.},
	title = {Accurate {MRCI} and {CC} Study of the Most Relevant Stationary Points and Other Topographical Attributes for the Ground-State C2H2 Potential Energy Surface},
	journal = {The Journal of Physical Chemistry A},
	volume = {114},
	pages = {13277-13287},
	year = {2010},
	doi = {10.1021/jp109830s}
}

@article{cav10,
author  = {S. J. Cavanagh and S. T. Gibson and B. R. Lewis},
title   = {{Photodetachment of O$^-$ from threshold to 1.2~eV electron
            kinetic energy using velocity-map imaging}},
journal = {Journal of Physics: Conference Series},
volume = 212,
pages  = 012034,
doi    = {10.1088/1742-6596/212/1/012034},
year   = 2010}

@article{tyn09,
	author = {Vivian Tyng and Michael E. Kellman},
	title = {Critical points bifurcation analysis of high-ℓ bending dynamics in acetylene},
	journal = {The Journal of Chemical Physics},
	volume = {131},
	pages = {244111},
	year = {2009},
	doi = {10.1063/1.3264686},
	URL = { 
	http://dx.doi.org/10.1063/1.3264686}
}

@article{wil09,
	author = {Michael J. Wilhelm and Matthew Nikow and Laura Letendre and Hai-Lung Dai},
	title = {Photodissociation of vinyl cyanide at 193 nm: Nascent product distributions of the molecular elimination channels},
	journal = {The Journal of Chemical Physics},
	volume = {130},
	pages = {044307},
	year = {2009},
	doi = {10.1063/1.3065986},
	URL = { 
	https://doi.org/10.1063/1.3065986}
}

@article{cav09,
	author={S J Cavanagh and S T Gibson and B R Lewis},
	title={Approaching the {O$^-$} photodetachment threshold with velocity-map imaging},
	journal={Journal of Physics: Conference Series},
	volume={194},
	pages={022026},
	url={http://stacks.iop.org/1742-6596/194/i=2/a=022026},
	year={2009}
}

@article{mel09,
	author = {C. Melania Oana and Anna I. Krylov},
	title = {Cross sections and photoelectron angular distributions in photodetachment from negative ions using equation-of-motion coupled-cluster Dyson orbitals},
	journal = {The Journal of Chemical Physics},
	volume = {131},
	pages = {124114},
	year = {2009},
	doi = {10.1063/1.3231143}
}



@article{sch08,
author  = {O. Scharf and M. R. Godefroid},
title   = {On the fine structure photodetachment intensities using the irreducible tensorial expression of second quantization operators},
journal = {arXiv.org[physics.atom-ph]},
doi     = {arxiv.org/abs/0808.3529},
volume  = {1},
pages   = {1-18},
year    = {2008}}

@article{pic08,
author  = "K. Pichugin and E. Grumbling and L. Velarde and A. Sanov",
title   = "Solvation-induced cluster anion core switching from {NNO$_2^-$ (N$_2$O)$_n$} to {O$^-$(N$_2$O)$_n$}",
journal = "The Journal of Chemical Physics",
volume  = "29",
pages   = "44311",
DOI     = "10.1063/1.2956834",
year    = "2008"}

@article{wil08,
   author = "Wilkinson, Iain and Whitaker, Benjamin J.",
   title = "Photodissociation of {NO$_2$} in the {$(2){}^2B_2$} state: 
            A slice imaging study and reinterpretation of previous results",
   year = "2008",
   volume = "129",
   journal = {The Journal of Chemical Physics},
   eid = 154312,
   pages = "-",
   url = "http://scitation.aip.org/content/aip/journal/jcp/129/15/10.1063/1.2994735",
   doi = "http://dx.doi.org/10.1063/1.2994735" 
}

@article{kos08,
	author = {Pichugin,Kostyantyn  and Grumbling,Emily  and Velarde,Luis  and Sanov,Andrei },
	title = {Solvation-induced cluster anion core switching from NNO2−(N2O)n−1 to O−(N2O)n},
	journal = {The Journal of Chemical Physics},
	volume = {129},
	pages = {044311},
	year = {2008},
	doi = {10.1063/1.2956834},
	URL = { 
	https://doi.org/10.1063/1.2956834}
}

@article{vre08,
   author = "Vredenborg, Arno and Roeterdink, Willem G. and Janssen, Maurice H. M.",
   title = "Femtosecond time-resolved photoelectron-photoion coincidence 
     imaging of multiphoton multichannel photodynamics in {NO$_2$}",
   journal = "The Journal of Chemical Physics",
   year = "2008",
   volume = "128",
   eid = 204311,
   pages = "204311",
   url = "http://scitation.aip.org/content/aip/journal/jcp/128/20/10.1063/1.2924134",
   doi = "http://dx.doi.org/10.1063/1.2924134" 
}

@book{rob08,
title = "PhD thesis: High resolution photoelectron spectroscopy of the oxygen anion",
author = "E. H. Roberts",
year = "2008",
publisher = "Atomic and molecular physics laboratories, Australian National University"
}

@article{beu08,
	author={H. Beuther and D. Semenov and Th. Henning and H. Linz},
	title={Ethynyl ({C$_2$H}) in Massive Star formation: Tracing the Initial Conditions?},
	journal={The Astrophysical Journal Letters},
	volume={675},
	pages={L33},
	url={http://stacks.iop.org/1538-4357/675/i=1/a=L33},
	year={2008}
}

@book{fie08,
title = "Small-Molecule Spectroscopy and Dynamics",
author = "Robert W. Field",
year = "2008",
publisher = "Massachusetts Institute of Technology: MIT OpenCourseWare"
}

@article{neu08,
	author = {Neumark, Daniel M.},
	title = {Slow Electron Velocity-Map Imaging of Negative Ions: Applications to Spectroscopy and Dynamics},
	journal = {The Journal of Physical Chemistry A},
	volume = {112},
	pages = {13287-13301},
	year = {2008},
	doi = {10.1021/jp807182q},
	URL = { 
	http://dx.doi.org/10.1021/jp807182q}
}

@article{scx08,
title = "The photodissociation of {NO$_2$} in the second absorption band: 
Ab initio and quantum dynamics calculations ",
journal = "Chemical Physics",
volume = "346",
pages = "99 - 114",
year = "2008",
issn = "0301-0104",
DOI = "http://dx.doi.org/10.1016/j.chemphys.2008.01.058",
url = "http://www.sciencedirect.com/science/article/pii/S0301010408000992",
author = "R. Schinke and S.Yu. Grebenshchikov and H. Zhu",
keywords = "Photodissociation",
keywords = "{NO}2",
keywords = "Potential energy surfaces "
}

@Article{cav07,
author  = {S. J. Cavanagh and S. T. Gibson and M. N. Gale and
           C. J. Dedman and E. H. Roberts and B. R. Lewis},
title   = {{High resolution velocity-map imaging photoelectron spectroscopy
            of the O$^-$ fine-structure transitions}},
journal = {Physical Review A},
DOI     = {10.1103/PhysRevA.76.052708},
volume  = 76,
pages   = {052708},
year    = 2007
}

@article{kil07,
	author = {T. C. Killian and C. A. Gottlieb and P. Thaddeus},
	title = {Rotational spectra of vibrationally excited {CCH} and {CCD}},
	journal = {The Journal of Chemical Physics},
	volume = {127},
	pages = {114320},
	year = {2007},
	doi = {10.1063/1.2768927},
	
	URL = { 
	https://doi.org/10.1063/1.2768927}
}

@article{oan07,
	author = {C. Melania Oana and Anna I. Krylov},
	title = {Dyson orbitals for ionization from the ground and electronically excited states within equation-of-motion coupled-cluster formalism: Theory, implementation, and examples},
	journal = {The Journal of Chemical Physics},
	volume = {127},
	pages = {234106},
	year = {2007},
	doi = {10.1063/1.2805393}
}

@article{vel07,
author  = "L.~Velarde and T.~Habteyes and E.~R.~Grumbling and K.~Pichugin and
           A.~Sanov",
title   = "Solvent resonance effect on the anisotropy of {NO$^-$(N$_2$O)$_n$}
           cluster anion photodetachment",
journal = "The Journal of Chemical Physics",
volume  = "127",
pages   = "084302",
year    = "2007",
}

@article{sha07,
  author={Shao Ju-Xiang and Zhu Zheng-He and Cheng Xin-Lu and Yang Xiang-Dong},
  title={Potential Energy Surfaces of Nitrogen Dioxide for the Ground State},
  journal={Chin. Phys. Lett.},
  volume={24},
  pages={1879},
  url={http://stacks.iop.org/0256-307X/24/i=7/a=025},
  year={2007},
}

@article{mel07,
	author = {C. Melania Oana and Anna I. Krylov},
	title = {Dyson orbitals for ionization from the ground and electronically excited states within equation-of-motion coupled-cluster formalism: Theory, implementation, and examples},
	journal = {The Journal of Chemical Physics},
	volume = {127},
	pages = {234106},
	year = {2007},
	doi = {10.1063/1.2805393}
}

@article{yas07,
title = "Quantum wavepacket dynamics for time-resolved photoelectron spectroscopy of the {NO$_2$} conical intersection ",
journal = "Chemical Physics",
volume = "338",
pages = "175 - 185",
year = "2007",
issn = "0301-0104",
DOI = "http://dx.doi.org/10.1016/j.chemphys.2007.04.025",
url = "http://www.sciencedirect.com/science/article/pii/S0301010407001504",
author = "Yasuki Arasaki and Kazuo Takatsuka",
}

@article{zho07,
	author = {Jia Zhou and Etienne Garand and Daniel M. Neumark},
	title = {Vibronic structure in {C$_2$H and C$_2$D} from anion slow electron velocity-map imaging spectroscopy},
	journal = {The Journal of Chemical Physics},
	volume = {127},
	pages = {114313},
	year = {2007},
	doi = {10.1063/1.2768932},
	URL = {https://doi.org/10.1063/1.2768932}
	
}

@Article{mat07,
author ="Matthews, S. J. and Willitsch, S. and Softley, T. P.",
title  ="Fully state-selected {VMI} study of the near-threshold 
photodissociation of {NO$_2$}: variation of the angular anisotropy parameter",
journal  ="Physical Chemistry Chemical Physics",
year  ="2007",
volume  ="9",
issue  ="42",
pages  ="5656-5663",
publisher  ="The Royal Society of Chemistry",
DOI  ="10.1039/B706428D",
url  ="http://dx.doi.org/10.1039/B706428D",
}

@article{sul06,
   author = "Sultanov, Renat A. and Balakrishnan, N.",
   title = "Quantum mechanical investigations of the {N($^4$S)+O$_2$($X{}^3\Sigma_g$) $\rightarrow$ NO($X{}^2\Pi$)+O($^3P$)} reaction",
   journal = "The Journal of Chemical Physics",
   year = "2006",
   volume = "124",
   url = "http://scitation.aip.org/content/aip/journal/jcp/124/12/10.1063/1.2181143",
   doi = "10.1063/1.2181143"
}

@article{won06,
	author = {Wong, Bryan M. and Steeves, Adam H. and Field, Robert W.},
	title = {Electronic Signatures of Large Amplitude Motions:  Dipole Moments of Vibrationally Excited Local-Bend and Local-Stretch States of {S0} Acetylene},
	journal = {The Journal of Physical Chemistry B},
	volume = {110},
	pages = {18912-18920},
	year = {2006},
	doi = {10.1021/jp061924x},
	URL = { 
	http://dx.doi.org/10.1021/jp061924x}
}

@article {rad06,
	author = {Radius, Udo and Breher, Frank},
	title = {To Boldly Pass the Metal–Metal Quadruple Bond},
	journal = {Angewandte Chemie International Edition},
	volume = {45},
	publisher = {WILEY-VCH Verlag},
	issn = {1521-3773},
	url = {http://dx.doi.org/10.1002/anie.200504322},
	doi = {10.1002/anie.200504322},
	pages = {3006--3010},
	keywords = {arene ligands, bond theory, metal–metal interactions, multiple bonds},
	year = {2006}
}

@article{vel06,
	author = {Luis Velarde and Terefe Habteyes and Andrei Sanov},
	title = {Photodetachment and photofragmentation pathways in the [(CO2)2(H2O)m]− cluster anions},
	journal = {The Journal of Chemical Physics},
	volume = {125},
	pages = {114303},
	year = {2006},
	doi = {10.1063/1.2347707},
	URL = { 
	https://doi.org/10.1063/1.2347707}
	
}

@article{joh06,
	author = {Philip M. Johnson and Haifeng Xu and Trevor J. Sears},
	title = {The calculation of vibrational intensities in forbidden electronic transitions},
	journal = {The Journal of Chemical Physics},
	volume = {125},
	pages = {164330},
	year = {2006},
	doi = {10.1063/1.2355674},
	
	URL = { 
	https://doi.org/10.1063/1.2355674}
}

@article{orr06,
	author = { Brian J.   Orr },
	title = {Spectroscopy and energetics of the acetylene molecule: dynamical complexity alongside structural simplicity},
	journal = {International Reviews in Physical Chemistry},
	volume = {25},
	pages = {655-718},
	year  = {2006},
	publisher = {Taylor & Francis},
	doi = {10.1080/01442350600892577},
	URL = { 
	http://dx.doi.org/10.1080/01442350600892577}
}

@article{tyn06,
	author = {Tyng, Vivian and Kellman, Michael E.},
	title = {Bending Dynamics of Acetylene:  New Modes Born in Bifurcations of Normal Modes},
	journal = {The Journal of Physical Chemistry B},
	volume = {110},
	pages = {18859-18871},
	year = {2006},
	doi = {10.1021/jp057357f},
	URL = { 
	http://dx.doi.org/10.1021/jp057357f}
	
}

@article{zat06,
	title = {Low-energy photodetachment of {{O}$^{-}$}},
	author = {Zatsarinny, Oleg and Bartschat, Klaus},
	journal = {Physical Review A},
	volume = {73},
	issue = {2},
	pages = {022714},
	numpages = {7},
	year = {2006},
	publisher = {American Physical Society},
	doi = {10.1103/PhysRevA.73.022714},
	url = {https://link.aps.org/doi/10.1103/PhysRevA.73.022714}
}


@Article{for06,
author ="T. Form, Nicholas and Whitaker, Benjamin J. and Poisson, Lionel and Soep, Benoit",
title  ="Time-resolved photoion and photoelectron imaging of {NO$_2$}",
journal  ="Physical Chemistry Chemical Physics",
year  ="2006",
volume  ="8",
issue  ="25",
pages  ="2925-2932",
publisher  ="The Royal Society of Chemistry",
DOI  ="10.1039/B602825J",
url  ="http://dx.doi.org/10.1039/B602825J",
}

@Article{neu05,
author ="Neumark, Daniel M.",
title  ="Probing the transition state with negative ion photodetachment: experiment and theory",
journal  ="Physical Chemistry Chemical Physics",
year  ="2005",
volume  ="7",
issue  ="3",
pages  ="433-442",
publisher  ="The Royal Society of Chemistry",
doi  ="10.1039/B417886F",
url  ="http://dx.doi.org/10.1039/B417886F",
}

@article{hun05,
author = {R Huntley, Deborah and Markopoulos, Georgios and M Donovan, Patrick and Scott, Lawrence and Hoffmann, Roald},
year = {2005},
pages = {7549-53},
title = {Squeezing {C-C} bonds},
volume = {44},
journal = {Angewandte Chemie (International ed. in English)}
}

@article{blo05,
year={2005},
issn={1434-6060},
journal={The European Physics Journal D},
volume={33},
DOI={10.1140/epjd/e2005-00069-9},
title={{The electron affinities of O, Si, and S
revisited  with the photodetachment microscope}},
url={http://dx.doi.org/10.1140/epjd/e2005-00069-9},
publisher={EDP Sciences},
author={Blondel, C. and Chaibi, W. and Delsart, C. and Drag, C. and Goldfarb, F. and Kr\"oer, S.},
pages={335-342},
}

@article{lia04,
title = "The geometry of the {NO$_{2}^{-}$} anion: {\emph{ab initio}} calculations and {Franck Condon} analysis ",
journal = "Chemical Physics Letters",
volume = "388",
pages = "212 - 217",
year = "2004",
issn = "0009-2614",
DOI = "http://dx.doi.org/10.1016/j.cplett.2004.02.094",
url = "http://www.sciencedirect.com/science/article/pii/S0009261404003331",
author = "Jun Liang and Kemei Pei and Haiyang Li"
}

@article{din04,
title = "Photodestruction of {NO$_{2}^{-}$} using time resolved multicoincidence detection photofragment spectroscopy ",
journal = "Chemical Physics",
volume = "300",
pages = "133-141",
year = "2004",
issn = "0301-0104",
DOI = "http://dx.doi.org/10.1016/j.chemphys.2004.01.005",
url = "http://www.sciencedirect.com/science/article/pii/S0301010404000242",
author = "Laura Dinu and Wim J van der Zande"
}

@article{dal04,
	author = {Dalosto, Sergio D. and Vanderkooi, Jane M. and Sharp, Kim A.},
	title = {{Vibrational Stark Effects on Carbonyl, Nitrile, and Nitrosyl Compounds Including Heme Ligands, CO, CN, and NO, Studied with Density Functional Theory}},
	journal = {The Journal of Physical Chemistry B},
	volume = {108},
	pages = {6450-6457},
	year = {2004},
	doi = {10.1021/jp0310697}
}

@book{tho04,
	title = "Design and construction of a velocity map imaging spectrometer",
	author = "Sara Thorin",
	year = "2004",
	publisher = "Lund Reports on Atomic Physics"
}

@article{peg04,
title = "Structure and dynamics of negative ions",
journal = "Rep. Prog. Phys.",
volume = "67",
pages = "857-905",
year = "2004",
author = "D. J. Pegg"
}

@article{and04,
title = "Atomic negative ions: structure, dynamics and collisions",
journal = "Phys. Rep.",
volume = "394",
pages = "157-313",
year = "2004",
author = "T. Anderson"
}

@article{bel04,
author = {M. Bell and A. McDermott  and S. Zeger and J. Samet and F. Dominici},
title = {Ozone and short-term mortality in 95 {US} urban communities, 1987-2000},
journal = {The Journal of the American Medical Association},
volume = {292},
pages = {2372-2378},
year = {2004},
doi = {10.1001/jama.292.19.2372},
URL = { + http://dx.doi.org/10.1001/jama.292.19.2372},
eprint = {/data/journals/jama/4952/joc40837.pdf}
}

@article{ost04,
	author = {Andreas Osterwalder and Matthew J. Nee and Jia Zhou and Daniel M. Neumark},
	title = {High resolution photodetachment spectroscopy of negative ions via slow photoelectron imaging},
	journal = {The Journal of Chemical Physics},
	volume = {121},
	pages = {6317-6322},
	year = {2004},
	doi = {10.1063/1.1787491},
	URL = {https://doi.org/10.1063/1.1787491}
}

@article{tar04,
	author = { Riccardo Tarroni and Stuart Carter},
	title = {Theoretical calculation of absorption intensities of {C$_2$H} and {C$_2$D}},
	journal = {Molecular Physics},
	volume = {102},
	pages = {2167-2179},
	year  = {2004},
	publisher = {Taylor & Francis},
	doi = {10.1080/00268970410001713254},
	URL = { 
	https://doi.org/10.1080/00268970410001713254}
}

@article{epp04,
   author = "Eppink, Andr\'e T. J. B. and Whitaker, Benjamin J. and Gloaguen, Eric and Soep, Benoit and Coroiu, A. Marcela and Parker, David H.",
   title = "Dissociative multiphoton ionization of {NO$_2$} studied by time-resolved imaging",
   journal = "The Journal of Chemical Physics",
   year = "2004",
   volume = "121",
   pages = "7776-7783",
   url = "http://scitation.aip.org/content/aip/journal/jcp/121/16/10.1063/1.1795654",
   doi = "http://dx.doi.org/10.1063/1.1795654"
}


@article{sur03,
	author = {Surber, Eric and Mabbs, Richard and Sanov, Andrei},
	title = {Probing the Electronic Structure of Small Molecular Anions by Photoelectron Imaging},
	journal = {The Journal of Physical Chemistry A},
	volume = {107},
	pages = {8215-8224},
	year = {2003},
	doi = {10.1021/jp027838o}
}

@article{jel03,
	title = {Absolute Collision Cross Sections for Low Energy Electron Scattering from {NO}: The Role of Resonances in Elastic Scattering and Vibrational Excitation},
	author = {Jelisavcic, M. and Panajotovic, R. and Buckman, S. J.},
	journal = {Physical Review Letters},
	volume = {90},
	issue = {20},
	pages = {203201},
	numpages = {4},
	year = {2003},
	publisher = {American Physical Society},
	doi = {10.1103/PhysRevLett.90.203201},
	url = {https://link.aps.org/doi/10.1103/PhysRevLett.90.203201}
}


@book{whi03,
	title = "Imaging in Molecular Dynamics",
	author = "Benjamin Whitaker",
	publisher = "Cambridge University Press",
	year ="2003"
}



@article{miq03,
   author = "Miquel, Irene and Hernando, Jordi and Say\'os, R. and Gonz\'alez, Miguel",
   title = "Influence of collision energy on the {N($^2D$)$+$O$_2 \rightarrow$ O($^3P$)$+$NO} reaction dynamics: A quasiclassical trajectory study 
involving four potential energy surfaces",
   journal = "The Journal of Chemical Physics",
   year = "2003",
   volume = "119",
   pages = "10040-10047",
   url = "http://scitation.aip.org/content/aip/journal/jcp/119/19/10.1063/1.1618221",
   doi = "http://dx.doi.org/10.1063/1.1618221" 
}

@article{fah03,
	title = "Ultraviolet absorption spectrum and cross-sections of ethynyl ({C$_2$H}) radicals",
	journal = "Journal of Molecular Spectroscopy",
	volume = "217",
	pages = "249 - 254",
	year = "2003",
	issn = "0022-2852",
	doi = "https://doi.org/10.1016/S0022-2852(02)00039-5",
	url = "http://www.sciencedirect.com/science/article/pii/S0022285202000395",
	author = "Askar Fahr",
	keywords = "Ethynyl, Radical, CH, Ultraviolet, Absorption spectrum, Cross-sections, Laser photolysis, CHCF"
}

@article{rei03,
	author = "K. L. Reid",
	title = "Photoelectron angular distributions",
	journal = "Annual Reveiw of Physical Chemistry",
	volume = "54",
	pages = "397-424",
	year = "2003"
}	

@article{bra03,
	title = "Excited-state detachment dynamics and rotational coherences of {C$_2^-$} via time-resolved photoelectron imaging",
	journal = "Chemical Physics Letters",
	volume = "376",
	pages = "767 - 775",
	year = "2003",
	issn = "0009-2614",
	doi = "https://doi.org/10.1016/S0009-2614(03)01060-1",
	url = "http://www.sciencedirect.com/science/article/pii/S0009261403010601",
	author = "Arthur E. Bragg and Roland Wester and Alison V. Davis and Aster Kammrath and Daniel M. Neumark"
}

@book {moo03,
	author = {J. H. Moore and C. C. Davis and M. A. Coplan},
	title = {Building scientific apparatus. A practical guide to design and construction.},
	publisher = {Perseus Books},
	year = {2003},
	edition = {Third edition}
}

@article{che03,
	author = {Chen, Edward S. and Chen, Edward C. M.},
	title = {Semiempirical Characterization of Homonuclear Diatomic Ions:  6. {Group VI and VII }Anions},
	journal = {The Journal of Physical Chemistry A},
	volume = {107},
	pages = {169-177},
	year = {2003},
	doi = {10.1021/jp0268922},
	URL = { 
	https://doi.org/10.1021/jp0268922}
	
}

@article{zou03,
	author = {Shengli Zou and Joel M. Bowman and Alex Brown},
	title = {Full-dimensionality quantum calculations of acetylene–vinylidene isomerization},
	journal = {The Journal of Chemical Physics},
	volume = {118},
	pages = {10012-10023},
	year = {2003},
	doi = {10.1063/1.1571520},
	URL = { 
	http://dx.doi.org/10.1063/1.1571520}
}

@article{erv03,
	author = {Ervin, Kent M. and Anusiewicz, Iwona and Skurski, Piotr and Simons, Jack and Lineberger, W. Carl},
	title = {The Only Stable State of {O$_2^-$ is the X 2$\Pi_g$} Ground State and It (Still!) Has an Adiabatic Electron Detachment Energy of 0.45 eV},
	journal = {The Journal of Physical Chemistry A},
	volume = {107},
	pages = {8521-8529},
	year = {2003},
	doi = {10.1021/jp0357323},
	URL = { 
	https://doi.org/10.1021/jp0357323}
}


@article{var03,
   author = "Varandas, A. J. C.",
   title = "A realistic multi-sheeted potential energy surface for {NO$_2$($^2A^\prime$)} from the double many-body expansion method and a novel multiple energy-switching scheme",
   journal = "The Journal of Chemical Physics",
   year = "2003",
   volume = "119",
   pages = "2596-2613",
   url = "http://scitation.aip.org/content/aip/journal/jcp/119/5/10.1063/1.1586911",
   doi = "http://dx.doi.org/10.1063/1.1586911"
}

@book{epp03,
	author = "A. Eppink, S. Wu, and B. Whitaker",
	title = "Reconstruction Methods",
	publisher = "Cambridge University Press",
	year = "2003"
}

@article{li02,
  author = "R. Li and R. E. Continetti",
  title = "Studies of the excited state dynamics of {N$_2$O$_2$} by
            dissociative photodetachment of {N$_2$O$_2^-$}",
  journal = "J.~Phys.~Chem.",
  volume = "106",
  pages = "1183-1189",
  year = "2002"
}

@article{dri02,
	author = {Vladimir Dribinski and Alexei Ossadtchi and Vladimir A. Mandelshtam and Hanna Reisler},
	title = {Reconstruction of Abel-transformable images: The Gaussian basis-set expansion Abel transform method},
	journal = {Review of Scientific Instruments},
	volume = {73},
	pages = {2634-2642},
	year = {2002},
	doi = {10.1063/1.1482156},
	URL = {https://doi.org/10.1063/1.1482156}
}

@article {bai02,
	author = {Bailey, Scott M. and Barth, Charles A. and Solomon, Stanley C.},
	title = {A model of nitric oxide in the lower thermosphere},
	journal = {Journal of Geophysical Research},
	volume = {107},
	issn = {2156-2202},
	url = {http://dx.doi.org/10.1029/2001JA000258},
	doi = {10.1029/2001JA000258},
	pages = {22-1-12},
	keywords = {Thermosphere: composition and chemistry, Thermosphere: energy deposition, thermosphere, nitric oxide, model, photoelectrons, aurora},
	year = {2002},
}

@article{rie02,
author = {Rienstra-Kiracofe, Jonathan C. and Tschumper, Gregory S. and Schaefer, Henry F. and Nandi, Sreela and Ellison, G. Barney},
title = {Atomic and Molecular Electron Affinities:  Photoelectron Experiments and Theoretical Computations},
journal = {Chemical Reviews},
volume = {102},
pages = {231-282},
year = {2002},
doi = {10.1021/cr990044u},
URL = { 
http://dx.doi.org/10.1021/cr990044u}
}

@article{ami02,
	author = {Amirav,Aviv  and Fialkov,Alexander  and Gordin,Alexander },
	title = {Improved electron ionization ion source for the detection of supersonic molecular beams},
	journal = {Review of Scientific Instruments},
	volume = {73},
	pages = {2872-2876},
	year = {2002},
	doi = {10.1063/1.1488683},
	URL = { 
	https://doi.org/10.1063/1.1488683}
}


@article{hen02,
	author = {Hendricks,Jay H.  and de Clercq,Helen L.  and Freidhoff,Carl B.  and Arnold,Susan T.  and Eaton,Joseph G.  and Fancher,Chuck  and Lyapustina,Svetlana A.  and Snodgrass,Joseph T.  and Bowen,Kit H. },
	journal = {The Journal of Chemical Physics},
        title = {{Anion solvation at the microscopic level: Photoelectron spectroscopy of the solvated anion clusters, {NO$^-$(Y)$_n$,} where {Y=Ar, Kr, Xe, N$_2$O, H$_2$S, NH$_3$, H$_2$O,} and {C$_2$H$_4$(OH)$_2$}}},
	volume = {116},
	pages = {7926-7938},
	year = {2002},
	doi = {10.1063/1.1457444},
	URL = { 
	https://doi.org/10.1063/1.1457444}
}

@article{con02,
author = "Li, Runjun and Continetti, Robert E.",
title = "Studies of the Excited State Dynamics of {N$_2$O$_2$} by Dissociative Photodetachment of {N$_2$O$_2^-$}",
journal = "The Journal of Physical Chemistry A",
volume = "106",
pages = "1183-1189",
year = "2002",
DOI = "10.1021/jp013330u",
}

@book{pow02,
	title = "Powerlite{$^{\text{TM}}$} Precision {II} Scientific Laser System",
	publisher = "Continuum Lasers",
        author = " ",
	year = "2002"
}

@article{sch01,
	author = {Rainer Schork and Horst Köppel},
	title = {Barrier recrossing in the vinylidene–acetylene isomerization reaction: A five-dimensional ab initio quantum dynamical investigation},
	journal = {The Journal of Chemical Physics},
	volume = {115},
	pages = {7907-7923},
	year = {2001},
	doi = {10.1063/1.1405120}
}

@article{vui01,
	title = "IR and UV spectroscopic data for polyynes: Predictions for long carbon chain compounds in Titan's atmosphere",
	journal = "Advances in Space Research",
	volume = "27",
	number = "2",
	pages = "283 - 288",
	year = "2001",
	issn = "0273-1177",
	doi = "https://doi.org/10.1016/S0273-1177(01)00059-X",
	url = "http://www.sciencedirect.com/science/article/pii/S027311770100059X",
	author = "V. Vuitton and A. Scemama and M.-C. Gazeau and P. Chaquin and Y. Benilan"
}

@article{gon01,
   author = "Gonz\'alez, Miguel and Miquel, Irene and Say\'os, R.",
   title = "Ab initio, variational transition state theory and 
quasiclassical trajectory study on the lowest {$^2A^\prime$} potential energy 
surface involved in the {N($^2D$)$+$O$_2$($X {}^3\Sigma_g^−$)$\rightarrow$ O($^3P$)$+$NO($X {}^2\Pi$)} atmospheric reaction",
   journal = "The Journal of Chemical Physics",
   year = "2001",
   volume = "115",
   pages = "2530-2539",
   url = "http://scitation.aip.org/content/aip/journal/jcp/115/6/10.1063/1.1385151",
   doi = "http://dx.doi.org/10.1063/1.1385151" 
}

@article{swa01,
	title = "Model update for mesospheric/thermospheric nitric oxide",
	journal = "Physics and Chemistry of the Earth, Part C, Solar, Terrestrial and Planetary Science",
	volume = "26",
	pages = "533 - 537",
	year = "2001",
	issn = "1464-1917",
	doi = "https://doi.org/10.1016/S1464-1917(01)00042-3",
	url = "http://www.sciencedirect.com/science/article/pii/S1464191701000423",
	author = "P.K. Swaminathan and D.F. Strobel and L. Acton and L.J. Paxton"
}

@article{hay01,
	author = {Hayes, Robin L. and Fattal, Eyal and Govind, Niranjan and Carter, Emily A.},
	title = {Long Live Vinylidene! A New View of the {H$_2$CC: $\rightarrow$ HC$\equiv$CH} Rearrangement from ab Initio Molecular Dynamics},
	journal = {Journal of the American Chemical Society},
	volume = {123},
	pages = {641-657},
	year = {2001},
	doi = {10.1021/ja000907x},
	URL = { 
	http://dx.doi.org/10.1021/ja000907x}
}

@article{blo01,
	title = {Electron affinities of ${}^{16}\mathrm{O},$ ${}^{17}\mathrm{O},$ ${}^{18}\mathrm{O},$ the fine structure of ${}^{16}{{O}}^{\ensuremath{-}},$ and the hyperfine structure of ${}^{17}{{O}}^{\ensuremath{-}}$},
	author = {Blondel, C. and Delsart, C. and Valli, C. and Yiou, S. and Godefroid, M. R. and Van Eck, S.},
	journal = {Physical Review A},
	volume = {64},
	issue = {5},
	pages = {052504},
	numpages = {14},
	year = {2001},
	publisher = {American Physical Society},
	doi = {10.1103/PhysRevA.64.052504},
	url = {https://link.aps.org/doi/10.1103/PhysRevA.64.052504}
}


@article{jun01,
	author = {Jung, Christof and Taylor, Howard S. and Jacobson, Matthew P.},
	title = {The Acetylene Bending Spectrum at ∼10000 cm-1:  Quantum Assignments in the Midst of Classical Chaos},
	journal = {The Journal of Physical Chemistry A},
	volume = {105},
	pages = {681-693},
	year = {2001},
	doi = {10.1021/jp002803e},
	URL = { 
	http://dx.doi.org/10.1021/jp002803e}
}

@article{ded01,
	author = {C. J. Dedman and E. H. Roberts and S. T. Gibson and B. R. Lewis},
	title = {Fast 1 kV metal-oxide-semiconductor field-effect transistor switch},
	journal = {Review of Scientific Instruments},
	volume = {72},
	pages = {3718-3720},
	year = {2001},
	doi = {10.1063/1.1389488},
	URL = {https://doi.org/10.1063/1.1389488}
}

@article{ded01b,
	author = {C. J. Dedman and E. H. Roberts and S. T. Gibson and B. R. Lewis},
	title = {An ion gating, bunching, and potential re-referencing unit},
	journal = {Review of Scientific Instruments},
	volume = {72},
	pages = {2915-2922},
	year = {2001},
	doi = {10.1063/1.1379966},
	URL = { 
	https://doi.org/10.1063/1.1379966}
	
}

@article{car00,
	author = { Stuart   Carter  and  Nicholas C.   Handy  and  Cristina   Puzzarini  and  Riccardo   Tarroni  and  Paolo   Palmieri },
	title = {A variational method for the calculation of spin-rovibronic energy levels of triatomic molecules with three interacting electronic states},
	journal = {Molecular Physics},
	volume = {98},
	pages = {1697-1712},
	year  = {2000},
	publisher = {Taylor & Francis},
	doi = {10.1080/00268970009483375},
	URL = { 
	https://doi.org/10.1080/00268970009483375}
	
}

@article{jac00,
	author = {Jacobson, Matthew P. and Field, Robert W.},
	title = {Acetylene at the Threshold of Isomerization},
	journal = {The Journal of Physical Chemistry A},
	volume = {104},
	pages = {3073-3086},
	year = {2000},
	doi = {10.1021/jp992428u},
	URL = { 
	http://dx.doi.org/10.1021/jp992428u}
	
}

@article{mos00,
	title = "Observation of Coriolis Coupling between {v$_2 + ^4v_4$ and $^7v_4$ in Acetylene $X ^1\Sigma^+_g$} by Stimulated Emission Pumping Spectroscopy",
	journal = "Journal of Molecular Spectroscopy",
	volume = "199",
	pages = "265 - 274",
	year = "2000",
	issn = "0022-2852",
	doi = "https://doi.org/10.1006/jmsp.1999.7994",
	url = "http://www.sciencedirect.com/science/article/pii/S0022285299979948",
	author = "David B. Moss and Zicheng Duan and Matthew P. Jacobson and Jonathan P. O'Brien and Robert W. Field",
	keywords = "acetylene",
	keywords = "Coriolis coupling",
	keywords = "IVR"
}

@article{bou00,
title = "Resonant formation of DNA strand breaks by low energy (3 to 20eV) electrons",
author = "B. Boudaiffa, P. Cloutier, D. Hunting, M. Huels, and L. Sanche",
journal = "Science",
pages = "1658-1660",
volume = "287",
year = "2000"
}


@article{jen00,
	title = {Stability of the Ground State Vinylidene Anion ${H}_{2}{{CC}}^{\ensuremath{-}}$},
	author = {Jensen, M. J. and Pedersen, U. V. and Andersen, L. H.},
	journal = {Physical Review Letters},
	volume = {84},
	issue = {6},
	pages = {1128--1131},
	numpages = {0},
	year = {2000},
	publisher = {American Physical Society},
	doi = {10.1103/PhysRevLett.84.1128},
	url = {https://link.aps.org/doi/10.1103/PhysRevLett.84.1128}
}



@article {gal00,
	author = {Galbraith, John Morrison and Blank, Esti and Shaik, Sason and Hiberty, Philippe C.},
	title = {{$\Pi$ Bonding in Second and Third Row Molecules: Testing the Strength of Linus's Blanket}},
	journal = {Chemistry:  A European Journal},
	volume = {6},
	publisher = {WILEY-VCH Verlag},
	issn = {1521-3765},
	url = {http://dx.doi.org/10.1002/1521-3765(20000703)6:13<2425::AID-CHEM2425>3.0.CO;2-0},
	doi = {10.1002/1521-3765(20000703)6:13<2425::AID-CHEM2425>3.0.CO;2-0},
	pages = {2425--2434},
	keywords = {ab initio calculations, bond theory, charge shift bonds, π interactions, valence bond},
	year = {2000},
}


@article{sch00,
	title = "Unexpected stability of vinylidene from {5D} ab initio quantum-dynamical calculations",
	journal = "Chemical Physics Letters",
	volume = "326",
	pages = "277 - 282",
	year = "2000",
	note = "",
	issn = "0009-2614",
	doi = "http://dx.doi.org/10.1016/S0009-2614(00)00792-2",
	url = "http://www.sciencedirect.com/science/article/pii/S0009261400007922",
	author = "R. Schork and H. Köppel"
	
}

@article{ram00,
title = "Vibrational–rotational distributions of {NO} formed from {N$+$O$_2$}
 reactive collisions ",
journal = "Chemical Physics Letters",
volume = "332",
pages = "562 - 568",
year = "2000",
note = "",
issn = "0009-2614",
DOI = "http://dx.doi.org/10.1016/S0009-2614(00)01302-6",
url = "http://www.sciencedirect.com/science/article/pii/S0009261400013026",
author = "B. Ramachandran and N. Balakrishnan and A. Dalgarno"
}

@book{gas00,
title = "Energy transfer in polyatomic-rare gas collisions, and van der Waals molecule dissociation",
author = "J. Gascooke",
publisher = "PhD thesis, Flinders University, SA",
year = "2000"}	

@article{bra00,
   author = "Braunstein, M. and Duff, J. W.",
   title = "Theoretical study of the {N($^2D$)+O$_2$($X {}^3\Sigma_g^−$)$\rightarrow$O$+$NO} reaction",
   journal = "The Journal of Chemical Physics",
   year = "2000",
   volume = "113",
   pages = "7406-7413",
   url = "http://scitation.aip.org/content/aip/journal/jcp/113/17/10.1063/1.1311291",
   doi = "http://dx.doi.org/10.1063/1.1311291"
}

@article{ahm99,
	author = {Musahid Ahmed and Darcy S. Peterka and Arthur G. Suits},
	title = {The photodissociation of the vinyl radical {(C$_2$H$_3$)} at 243 nm studied by velocity map imaging},
	journal = {The Journal of Chemical Physics},
	volume = {110},
	pages = {4248-4253},
	year = {1999},
	doi = {10.1063/1.478307},
	URL = { 
	http://dx.doi.org/10.1063/1.478307}
}

@article{llo99,
	author = {G. M. Lloyd and P. Ewart},
	title = {High resolution spectroscopy and spectral simulation of {C$_2$} using degenerate four-wave mixing},
	journal = {The Journal of Chemical Physics},
	volume = {110},
	pages = {385-392},
	year = {1999},
	doi = {10.1063/1.478070},
	URL = { 
	https://doi.org/10.1063/1.478070}
}

@article{chi99,
	author = {Wheyi Chiang and Yenchu Hsu},
	title = {Laser spectroscopy of {CCH} in the {36 600$-$39 700} cm−1 region},
	journal = {The Journal of Chemical Physics},
	volume = {111},
	pages = {1454-1461},
	year = {1999},
	doi = {10.1063/1.479389},
	URL = { 
	https://doi.org/10.1063/1.479389}
	
}

@article{jac99,
	author = {Matthew P. Jacobson and Robert J. Silbey and Robert W. Field},
	title = {Local mode behavior in the acetylene bending system},
	journal = {The Journal of Chemical Physics},
	volume = {110},
	pages = {845-859},
	year = {1999},
	doi = {10.1063/1.478052},
	URL = { 
	http://dx.doi.org/10.1063/1.478052}
}

@article{jac99b,
	author = {Matthew P. Jacobson and Christof Jung and Howard S. Taylor and Robert W. Field},
	title = {State-by-state assignment of the bending spectrum of acetylene at 15 000 cm−1: A case study of quantum-classical correspondence},
	journal = {The Journal of Chemical Physics},
	volume = {111},
	pages = {600-618},
	year = {1999},
	doi = {10.1063/1.479341},
	URL = { 
	http://dx.doi.org/10.1063/1.479341}
}
@article{sta99,
	author = {John F. Stanton and Jürgen Gauss},
	title = {Vibrational structure in the vinylidene anion photoelectron spectrum: Closing the gap between theory and experiment},
	journal = {The Journal of Chemical Physics},
	volume = {110},
	pages = {6079-6080},
	year = {1999},
	doi = {10.1063/1.478511},
	URL = { 
	http://dx.doi.org/10.1063/1.478511}
}

@article{jac98,
	author = {Matthew P. Jacobson and Jonathan P. O’Brien and Robert J. Silbey and Robert W. Field},
	title = {Pure bending dynamics in the acetylene {$X ^1\Sigma_g^+$} state up to 15 000 cm−1 of internal energy},
	journal = {The Journal of Chemical Physics},
	volume = {109},
	pages = {121-133},
	year = {1998},
	doi = {10.1063/1.476529},
	URL = { 
	http://dx.doi.org/10.1063/1.476529}
}

@article{ber98,
	author = {Berger, R. and Fischer, C. and Klessinger, M.},
	title = {Calculation of the Vibronic Fine Structure in Electronic Spectra at Higher Temperatures. 1. Benzene and Pyrazine},
	journal = {The Journal of Physical Chemistry A},
	volume = {102},
	pages = {7157-7167},
	year = {1998},
	doi = {10.1021/jp981597w},
	
	URL = { 
	http://dx.doi.org/10.1021/jp981597w}
}

@article{bal98,
	author = "N. Balakrishnan and V. Kharachenko and A. Daldarno",
	title = "Energetic {N(4S)} atoms and their role in NO formation in the terrestrial atmosphere",
	journal = "EOS, Transactions of the American Geophysical Union",
	volume = "79",
	pages = "45",
	year = "1998"
}

@article{asm98,
	title = "Anion photoelectron spectroscopy of BN−",
	journal = "Chemical Physics Letters",
	volume = "295",
	pages = "75 - 81",
	year = "1998",
	issn = "0009-2614",
	doi = "https://doi.org/10.1016/S0009-2614(98)00943-9",
	url = "http://www.sciencedirect.com/science/article/pii/S0009261498009439",
	author = "Knut R. Asmis and Travis R. Taylor and Daniel M. Neumark"
}

@article{swa98,
	author = {P. K. Swaminathan and D. F. Strobel and D. G. Kupperman and C. Krishna Kumar and L. Acton and R. DeMajistre and J.‐H. Yee and L. Paxton and D. E. Anderson and D. J. Strickland and J. W. Duff},
	title = {Nitric oxide abundance in the mesosphere/lower thermosphere region: Roles of solar soft X rays, suprathermal {N($^4$S)} atoms, and vertical transport},
	journal = {Journal of Geophysical Research: Space Physics},
	volume = {103},
	year = {1998},
	pages = {11579-11594},
	doi = {10.1029/97JA03249},
	url = {https://agupubs.onlinelibrary.wiley.com/doi/abs/10.1029/97JA03249}
}

@article{cor98,
	title = "An accurate ab initio calculation of the electron affinity of {NO}",
	journal = "Chemical Physics Letters",
	volume = "289",
	pages = "156 - 159",
	year = "1998",
	issn = "0009-2614",
	doi = "https://doi.org/10.1016/S0009-2614(98)00408-4",
	url = "http://www.sciencedirect.com/science/article/pii/S0009261498004084",
	author = "M.Cornelius McCarthy and James W.R Allington and K.S Griffith"
}

@article{sch98,
	title = "Faraday Laser Magnetic Resonance Spectroscopy of Vibrationally Excited {C2D}",
	journal = "Journal of Molecular Spectroscopy",
	volume = "190",
	number = "1",
	pages = "112 - 124",
	year = "1998",
	issn = "0022-2852",
	doi = "https://doi.org/10.1006/jmsp.1998.7563",
	url = "http://www.sciencedirect.com/science/article/pii/S0022285298975634",
	author = "Christian Schmidt and Miljenko PeriÄ and Petra MÃŒrtz and Martin Wienkoop and Martina Havenith and Wolfgang Urban"
}

@article{ger98,
	author = {Timothy C. Germann and William H. Miller},
	title = {Quantum mechanical calculation of resonance tunneling in acetylene isomerization via the vinylidene intermediate},
	journal = {The Journal of Chemical Physics},
	volume = {109},
	pages = {94-101},
	year = {1998},
	doi = {10.1063/1.476544},
	URL = { 
	http://dx.doi.org/10.1063/1.476544}
}

@article{lev98,
	title = {Study of Unimolecular Reactions by Coulomb Explosion Imaging: The Nondecaying Vinylidene},
	author = {Levin, J. and Feldman, H. and Baer, A. and Ben-Hamu, D. and Heber, O. and Zajfman, D. and Vager, Z.},
	journal = {Physical Review Letters},
	volume = {81},
	pages = {3347-3350},
	year = {1998},
	publisher = {American Physical Society},
	doi = {10.1103/PhysRevLett.81.3347},
	url = {https://link.aps.org/doi/10.1103/PhysRevLett.81.3347}
}


@Article{sch98,
	author="Schork, R.
	and K{\"o}ppel, H.",
	title="Ab initio quantum dynamical study of the vinylidene-acetylene isomerization",
	journal="Theoretical Chemistry Accounts",
	year="1998",
	day="01",
	volume="100",
	pages="204--211"
}

@article{smi98,
	author = {R. A. Smith and T. Ditmire and J. W. G. Tisch},
	title = {Characterization of a cryogenically cooled high-pressure gas jet for laser/cluster interaction experiments},
	journal = {Review of Scientific Instruments},
	volume = {69},
	pages = {3798-3804},
	year = {1998},
	doi = {10.1063/1.1149181},
	URL = { 
	https://doi.org/10.1063/1.1149181}
}

@article{tay98,
	author = {Taylor,Travis R.  and Xu,Cangshan  and Neumark,Daniel M. },
	title = {Photoelectron spectra of the {C$_{2n}$H$^-$ (n=1–4) and C$_{2n}$D$^-$ (n=1–3)} anions},
	journal = {The Journal of Chemical Physics},
	volume = {108},
	pages = {10018-10026},
	year = {1998},
	doi = {10.1063/1.476462},
	URL = { 
	https://doi.org/10.1063/1.476462}
}

@article{bla98,
	author = {David A. Blank and Arthur G. Suits and Yuan T. Lee and Simon W. North and Gregory E. Hall},
	title = {Photodissociation of acrylonitrile at 193 nm: A photofragment translational spectroscopy study using synchrotron radiation for product photoionization},
	journal = {The Journal of Chemical Physics},
	volume = {108},
	pages = {5784-5794},
	year = {1998},
	doi = {10.1063/1.475989},
	URL = { 
	http://dx.doi.org/10.1063/1.475989}
}

@article{epp97,
	author = {André Eppink and David H. Parker},
	title = {Velocity map imaging of ions and electrons using electrostatic lenses: Application in photoelectron and photofragment ion imaging of molecular oxygen},
	journal = {Review of Scientific Instruments},
	volume = {68},
	pages = {3477-3484},
	year = {1997},
	doi = {10.1063/1.1148310},
	URL = { 
	https://doi.org/10.1063/1.1148310}
}

@article{sig97,
author = { R. Signorell and  F. Merkt },
title = {General symmetry selection rules for the photoionization of polyatomic molecules},
journal = {Molecular Physics},
volume = {92},
pages = {793-804},
year = {1997},
doi = {10.1080/002689797169745}
}

@article{kam97,
	author = {C. F. Kaminski and I. G. Hughes and P. Ewart},
	title = {Degenerate four-wave mixing spectroscopy and spectral simulation of {C$_2$} in an atmospheric pressure oxy-acetylene flame},
	journal = {The Journal of Chemical Physics},
	volume = {106},
	pages = {5324-5332},
	year = {1997},
	doi = {10.1063/1.473563},
	URL = { 
	https://doi.org/10.1063/1.473563}
}

@article{cha97,
	author = {Nai-yuan Chang and Min-yi Shen and Chin-hui Yu},
	title = {Extended ab initio studies of the vinylidene–acetylene rearrangement},
	journal = {The Journal of Chemical Physics},
	volume = {106},
	pages = {3237-3242},
	year = {1997},
	doi = {10.1063/1.473422}
}

@ARTICLE{bou96,
	author={Boullart, W. and Devriendt, K. and Borms, R. and Peeters, J.},
	title={{Identification of the sequence CH($^2\Pi$) + C$_2$H$_2\rightarrow$ C$_3$H$_2$ + H (and C$_3$H + H$_2$) followed by C$_3$H$_2$ + O $\rightarrow$ C$_2$H + HCO (or H + CO) as C$_2$H source in C$_2$H$_2$/O/H atomic flames}},
	journal={Journal of Physical Chemistry},
	year={1996},
	volume={100},
	number={3},
	pages={998-1007},
	note={cited By 69},
	url={https://www.scopus.com/inward/record.uri?eid=2-s2.0-0000496351&partnerID=40&md5=f8abd781ad32c916b45bbfd4f765f33f},
	document_type={Article},
	source={Scopus}
}

@article{osb96,
	author = {David L. Osborn and David J. Leahy and Douglas R. Cyr and Daniel M. Neumark},
	title = {Photodissociation spectroscopy and dynamics of the {N$_2$O$_2^-$} anion},
	journal = {The Journal of Chemical Physics},
	volume = {104},
	pages = {5026-5039},
	year = {1996},
	doi = {10.1063/1.471132},
	URL = { 
	https://doi.org/10.1063/1.471132}
	
}

@article {neu96,
	author = {Neumark, Daniel M.},
	title = {Transition State Spectroscopy},
	volume = {272},
	pages = {1446--1447},
	year = {1996},
	doi = {10.1126/science.272.5267.1446},
	publisher = {American Association for the Advancement of Science},
	issn = {0036-8075},
	URL = {http://science.sciencemag.org/content/272/5267/1446},
	eprint = {http://science.sciencemag.org/content/272/5267/1446.full.pdf},
	journal = {Science}
}

@article{bai96,
	author = {Bailey,Christopher G.  and Lavrich,David J.  and Serxner,David  and Johnson,Mark A. },
	title = {Autodetachment from vibrational levels of the {O$_2^-$ $A ^2\Pi_u$} resonance across its dissociation limit by photoexcitation from {O$_2^-$ $X ^2\Pi_g$}},
	journal = {The Journal of Chemical Physics},
	volume = {105},
	pages = {1807-1814},
	year = {1996},
	doi = {10.1063/1.472056},
	URL = { 
	https://doi.org/10.1063/1.472056
	}
}

@article{sol96,
	author = {Solina, Stephani and O'Brie, Jonathan P. and Field, Robert W. and Polik, William F.},
	title = {Dispersed Fluorescence Spectrum of Acetylene from the {$A ^1A_u$} Origin:  Recognition of Polyads and Test of Multiresonant Effective Hamiltonian Model for the {X} State},
	journal = {The Journal of Physical Chemistry},
	volume = {100},
	pages = {7797-7809},
	year = {1996},
	doi = {10.1021/jp953330s},
	URL = {https://doi.org/10.1021/jp953330s}
}

@Article{jac96,
	author="Jackson, William M.
	and Blunt, Victor
	and Lin, Hua
	and Green, Martina
	and Olivera, Gregory
	and Fink, William H.
	and Bao, Yihan
	and Urdahl, Randall S.
	and Mohammad, Fida
	and Zahedi, Mansour",
	title="Non-adiabatic interactions in excited {C$_2$H} molecules and their relationship to {C$_2$} formation in comets",
	journal="Astrophysics and Space Science",
	year="1996",
	day="01",
	volume="236",
	pages="29--47",
	issn="1572-946X",
	doi="10.1007/BF00644319",
	url="https://doi.org/10.1007/BF00644319"
}


@article{arn95,
   author = "Arnold, Don W. and Neumark, Daniel M.",
   title = "Study of {N$_2$O$_2$} by photoelectron spectroscopy of {N$_2$O$_{2}^{-}$}",
   journal = "The Journal of Chemical Physics",
   year = "1995",
   volume = "102",
   pages = "7035-7045",
   url = "http://scitation.aip.org/content/aip/journal/jcp/102/18/10.1063/1.469097",
   doi = "http://dx.doi.org/10.1063/1.469097" 
}

@article{yen95,
	author = {Yen-Chu Hsu, Ying-Jen Shiu,  and Chi-Min Lin },
	title = {Laser-induced fluorescence spectroscopy of {CCH ($\tilde{X}^2\Sigma^+$)} in vibrationally excited levels up to 4500 cm$^{-1}$},
	journal = {The Journal of Chemical Physics},
	volume = {103},
	number = {14},
	pages = {5919-5930},
	year = {1995},
	doi = {10.1063/1.470472},
	URL = { 
	https://doi.org/10.1063/1.470472}
	
}

@article{hua95,
	author = {Yibo Huang and Yung‐An Yang and Guoxin He and Satoshi Hashimoto and Robert J. Gordon},
	title = {State resolved translational energy distributions of {Cl} and {HCl} in the ultraviolet photodissociation of chloroethylenes},
	journal = {The Journal of Chemical Physics},
	volume = {103},
	pages = {5476-5487},
	year = {1995},
	doi = {10.1063/1.470532},
	URL = { 
	http://dx.doi.org/10.1063/1.470532}
	
}

@article{for95,
	title = "The Infrared and Near-Infrared Spectra of {HCC} and {DCC} Trapped in Solid Neon",
	journal = "Journal of Molecular Spectroscopy",
	volume = "170",
	pages = "178 - 214",
	year = "1995",
	issn = "0022-2852",
	doi = "https://doi.org/10.1006/jmsp.1995.1065",
	url = "http://www.sciencedirect.com/science/article/pii/S002228528571065X",
	author = "D. Forney and M.E. Jacox and W.E. Thompson"
}

@article{sch95,
	author = "J. Schiedt and R. Weinkauf",
	title = "Spin-Orbit Coupling in the {O$_2^-$} Anion",
	journal = "Zeitschrift fur Naturforschung",
	volume = "50",
	pages = "1041 - 1044",
	issue = "11",
	year = "1995",
	doi = "10.1515/zna-1995-1110"
}	

@article{wal95,
   author = "Walch, Stephen P.",
   title = "A new potential energy surface for {N+O$_2$}: 
             Is there an {NOO} minimum?",
   journal = "The Journal of Chemical Physics",
   year = "1995",
   volume = "102",
   pages = "4189-4192",
   url = "http://scitation.aip.org/content/aip/journal/jcp/102/10/10.1063/1.469466",
   doi = "http://dx.doi.org/10.1063/1.469466" 
}

@article{ber95,
	title = "RMATRX1: Belfast atomic R-matrix codes",
	journal = "Computer Physics Communications",
	volume = "92",
	pages = "290 - 420",
	year = "1995",
	issn = "0010-4655",
	doi = "https://doi.org/10.1016/0010-4655(95)00123-8",
	url = "http://www.sciencedirect.com/science/article/pii/0010465595001238",
	author = "Keith A. Berrington and Werner B. Eissner and Patrick H. Norrington",
	keywords = "Atomic, Electron atom scattering, Electron ion scattering, Photoionization, Polarizability, -matrix"
}

@article{blo95,
	author={C Blondel},
	title={Recent experimental achievements with negative ions},
	journal={Physica Scripta},
	volume={1995},
	pages={31},
	url={http://stacks.iop.org/1402-4896/1995/i=T58/a=004},
	year={1995}
}

@article{bry94,
   author = "Bryant, Gregg P. and Jiang, Yanan and Martin, Margarita and Grant, Edward R.",
   title = "Rovibrational structure of NO+2 and state‐to‐state dynamics in the high‐resolution threshold photoionization of {NO$_2$}",
   journal = "The Journal of Chemical Physics",
   year = "1994",
   volume = "101",
   pages = "7199-7210",
   url = "http://scitation.aip.org/content/aip/journal/jcp/101/9/10.1063/1.468277",
   doi = "http://dx.doi.org/10.1063/1.468277"
}

@article{kel93,
	title = "A system for {C}oulomb explosion imaging of small molecules at the {W}eizmann {I}nstitute",
	journal = "Nuclear Instruments and Methods in Physics Research Section A: Accelerators, Spectrometers, Detectors and Associated Equipment",
	volume = "329",
	pages = "440 - 452",
	year = "1993",
	note = "",
	issn = "0168-9002",
	doi = "http://dx.doi.org/10.1016/0168-9002(93)91279-V",
	url = "http://www.sciencedirect.com/science/article/pii/016890029391279V",
	author = "D. Kella and M. Algranati and H. Feldman and O. Heber and H. Kovner and E. Malkin and E. Miklazky and R. Naaman and D. Zaifman and J. Zaifman and Z. Vager"
	
}

@article{nes93,
	author = {David J. Nesbitt and Mark S. Child},
	title = {Rotational{$‐$RKR} inversion of intermolecular stretching potentials: Extension to linear hydrogen bonded complexes},
	journal = {The Journal of Chemical Physics},
	volume = {98},
	pages = {478-486},
	year = {1993},
	doi = {10.1063/1.464642},
	URL = { 
	https://doi.org/10.1063/1.464642}	
}


@article{heb93,
	title = "Carbon cluster imaging at the Weizmann Institute Coulomb explosion system",
	journal = "Nuclear Instruments and Methods in Physics Research Section B: Beam Interactions with Materials and Atoms",
	volume = "79",
	pages = "227 - 230",
	year = "1993",
	note = "",
	issn = "0168-583X",
	doi = "http://dx.doi.org/10.1016/0168-583X(93)95331-X",
	url = "http://www.sciencedirect.com/science/article/pii/0168583X9395331X",
	author = "O. Heber and D. Kella and D. Zajfman and H. Feldman and D. Majer and Z. Vager and R. Naaman"
	
}

@article{smi93,
	author = {D. R. Smith and M. Ahmadjian},
	title = {Observation of nitric oxide rovibrational band head emissions in the quiescent airglow during the Cirris‐1A Space Shuttle Experiment},
	journal = {Geophysical Research Letters},
	volume = {20},
	pages = {2679-2682},
	year = {1993},
	doi = {10.1029/93GL02623},
	url = {https://agupubs.onlinelibrary.wiley.com/doi/abs/10.1029/93GL02623}
}

@article{con93,
	author = {R. E. Continetti and D. R. Cyr and D. L. Osborn and D. J. Leahy and D. M. Neumark},
	title = {Photodissociation dynamics of the N3 radical},
	journal = {The Journal of Chemical Physics},
	volume = {99},
	pages = {2616-2631},
	year = {1993},
	doi = {10.1063/1.465224},
	URL = { 
	https://doi.org/10.1063/1.465224}	
}

@article{yan93,
	author = {Wen-Bin Yan and T. Amano },
	title = {Difference-frequency laser spectroscopy of the 3$v_2+v_3$ band of {C2H}},
	journal = {The Journal of Chemical Physics},
	volume = {99},
	number = {6},
	pages = {4312-4317},
	year = {1993},
	doi = {10.1063/1.466084},
	URL = { 
	https://doi.org/10.1063/1.466084}
	
}

@article{wah93,
author = "M .Wahlen",
title = "The global methane cycle",
journal = "Annu. Rev. Earth Planet. Sci",
volume = "21",
pages = "407-426",
year = "1993"
}

@article{yen93,
	author = {Yen-Chu Hsu, Jim Jr-Min Lin,  D. Papousek,  and Jaw-Jer Tsai },
	title = {The low-lying bending vibrational levels of the {CCH ($\tilde{X}^2\Sigma^+$)} radical studied by laser-induced fluorescence},
	journal = {The Journal of Chemical Physics},
	volume = {98},
	number = {9},
	pages = {6690-6696},
	year = {1993},
	doi = {10.1063/1.464761},
	URL = { 
	https://doi.org/10.1063/1.464761}
	
}

@article{mar92,
	title = "C2 spectroscopy and kinetics",
	journal = "Journal of Photochemistry and Photobiology A: Chemistry",
	volume = "66",
	pages = "263 - 289",
	year = "1992",
	issn = "1010-6030",
	doi = "https://doi.org/10.1016/1010-6030(92)80001-C",
	url = "http://www.sciencedirect.com/science/article/pii/101060309280001C",
	author = "Margarita Martin"
}

@article{han92,
	title = "Nascent vibrational distribution of the {O$_2^-$} product ion in the photodissociation of {(O$_2$)$_n^-$, n = $2-4$}",
	journal = "Chemical Physics Letters",
	volume = "189",
	pages = "460 - 466",
	year = "1992",
	issn = "0009-2614",
	doi = "https://doi.org/10.1016/0009-2614(92)85232-Y",
	url = "http://www.sciencedirect.com/science/article/pii/000926149285232Y",
	author = "Chauchung Han and Mark A. Johnson"
}

@article{pet92,
	author = {Petersson, G. A. and Tensfeldt, T. G. and Montgomery, J. A.},
	title = {Vinylidene and the Hammond postulate},
	journal = {Journal of the American Chemical Society},
	volume = {114},
	pages = {6133-6138},
	year = {1992},
	doi = {10.1021/ja00041a034},
	URL = { 
	http://dx.doi.org/10.1021/ja00041a034}
}

@article{wu91,
	author = {Wu, Christine J. and Carter, Emily A.},
	title = {Ab initio thermochemistry for unsaturated {C$_2$} hydrocarbons},
	journal = {The Journal of Physical Chemistry},
	volume = {95},
	pages = {8352-8363},
	year = {1991},
	doi = {10.1021/j100174a058},
	URL = { 
	http://dx.doi.org/10.1021/j100174a058}   
}

@article{erv91,
	author = {Ervin, Kent M. and Lineberger, W. C.},
	title = {Photoelectron spectra of dicarbon(1-) and ethynyl(1-)},
	journal = {The Journal of Physical Chemistry},
	volume = {95},
	pages = {1167-1177},
	year = {1991},
	doi = {10.1021/j100156a026},
	URL = { 
	http://dx.doi.org/10.1021/j100156a026}
}

@article{arn91,
	author = {D. W. Arnold and S. E. Bradforth and T. N. Kitsopoulos and D. M. Neumark},
	title = {Vibrationally resolved spectra of {C$_2-$C$_11$} by anion photoelectron spectroscopy},
	journal = {The Journal of Chemical Physics},
	volume = {95},
	pages = {8753-8764},
	year = {1991},
	doi = {10.1063/1.461211},
	URL = { 
	https://doi.org/10.1063/1.461211}
}


@article{mer91,
   author = "Meredith, Cynthia and Davy, Randall D. and Quelch, Geoffrey E. and Schaefer, Henry F.",
   title = "Peroxy and cyclic isomers of {NO$_2$} and {NO$_{2}^{-}$}",
   journal = "The Journal of Chemical Physics",
   year = "1991",
   volume = "94",
   pages = "1317-1326",
   url = "http://scitation.aip.org/content/aip/journal/jcp/94/2/10.1063/1.459989",
   doi = "http://dx.doi.org/10.1063/1.459989" 
}

@article{gal90,
	author = {Gallo, Mary M. and Hamilton, Tracy P. and Schaefer, Henry F.},
	title = {Vinylidene: the final chapter?},
	journal = {Journal of the American Chemical Society},
	volume = {112},
	pages = {8714-8719},
	year = {1990},
	doi = {10.1021/ja00180a011}
}

@article{erv90,
	author = {Ervin, Kent M. and Gronert, Scott and Barlow, S. E. and Gilles, Mary K. and Harrison, Alex G. and Bierbaum, Veronica M. and DePuy, Charles H. and Lineberger, W. C. and Ellison, G. Barney},
	title = {Bond strengths of ethylene and acetylene},
	journal = {Journal of the American Chemical Society},
	volume = {112},
	pages = {5750-5759},
	year = {1990},
	doi = {10.1021/ja00171a013},
	URL = { 
	http://dx.doi.org/10.1021/ja00171a013}
}

@article{cow90,
	author = {K. A. Cowen and J. V. Coe},
	title = {A new and simple time of flight mass filter for cw ion sources},
	journal = {Review of Scientific Instruments},
	volume = {61},
	pages = {2601-2604},
	year = {1990},
	doi = {10.1063/1.1141844},
	URL = { 
	https://doi.org/10.1063/1.1141844}
	
}

@article{guo90,
	title = "Gas phase ion chemistry of the vinylidene radical anion and the acidity of the vinyl radical",
	journal = "International Journal of Mass Spectrometry and Ion Processes",
	volume = "97",
	pages = "253 - 264",
	year = "1990",
	note = "",
	issn = "0168-1176",
	doi = "http://dx.doi.org/10.1016/0168-1176(90)85003-K",
	url = "http://www.sciencedirect.com/science/article/pii/016811769085003K",
	author = "Yili Guo and Jospeh J. Grabowski"
	
}

@article{tra89,
  author = "M. J. Travers and D. C. Cowles and G. B. Ellison",
  title = "Reinvestigation of the electron-affinities of {O$^-_2$} and {NO}",
  journal = "Chemical Physics Letters",
  year = "1989",
  volume = "164",
}

@article{eva90,
	author = {Evanseck, J. D. and Houk, K. N.},
	title = {Theoretical predictions of activation energies for 1,2-hydrogen shifts in singlet carbenes},
	journal = {The Journal of Physical Chemistry},
	volume = {94},
	pages = {5518-5523},
	year = {1990},
	doi = {10.1021/j100377a020},
	URL = { 
	http://dx.doi.org/10.1021/j100377a020   
	}
}

@article{han89,
	title = {Angular distributions in photodetachment from {O$^-$}},
	author = {Hanstorp, D. and Bengtsson, C. and Larson, D. J.},
	journal = {Physical Review A},
	volume = {40},
	pages = {670--675},
	year = {1989},
	publisher = {American Physical Society},
	doi = {10.1103/PhysRevA.40.670},
	url = {https://link.aps.org/doi/10.1103/PhysRevA.40.670}
}

@ARTICLE{fre89,
	author = {{Frenklach}, M. and {Feigelson}, E.~D.},
	title = {Formation of polycyclic aromatic hydrocarbons in circumstellar envelopes},
	journal = {The Astrophysics Journal},
	keywords = {Cyclic Hydrocarbons, Interstellar Chemistry, Stellar Envelopes, Computational Astrophysics, Computational Chemistry, Reaction Kinetics, Stellar Winds},
	year = 1989,
	volume = 341,
	pages = {372-384},
	doi = {10.1086/167501}
}

@article{mat89,
	author = {Maricq,M. Matti  and Tanguay,Normand A.  and O’Brien,Julie C.  and Rodday,Suzanne M.  and Rinden,Elizabeth },
	title = {Vibrational autodetachment of NO−},
	journal = {The Journal of Chemical Physics},
	volume = {90},
	pages = {3136-3144},
	year = {1989},
	doi = {10.1063/1.455915},
	URL = { 
	https://doi.org/10.1063/1.455915}
}

@article{all89,
	author = {Sarah W. Allendorf and David J. Leahy and Dennis C. Jacobs and Richard N. Zare},
	title = {High‐resolution angle‐ and energy‐resolved photoelectron spectroscopy of NO: Partial wave decomposition of the ionization continuum},
	journal = {The Journal of Chemical Physics},
	volume = {91},
	pages = {2216-2234},
	year = {1989},
	doi = {10.1063/1.457030}
}


@article{wea89,
	author = {Weaver,A.  and Metz,R. B.  and Bradforth,S. E.  and Neumark,D. M. },
	title = {Observation of the {$\tilde{A}(^2B_2)$ and $\tilde{C}(^2A_2)$ states of NO$_2$ by negative ion photoelectron spectroscopy of NO$_2^-$}},
	journal = {The Journal of Chemical Physics},
	volume = {90},
	pages = {2070-2071},
	year = {1989},
	doi = {10.1063/1.455999},
	URL = { 
	https://doi.org/10.1063/1.455999}
}

@article{erv89,
	author = {Kent M. Ervin and Joe Ho and W. C. Lineberger},
	title = {A study of the singlet and triplet states of vinylidene by photoelectron spectroscopy of {H$_2$C=C$^-$, D$_2$C=C$^-$, and HDC=C$^-$}. Vinylidene–acetylene isomerization},
	journal = {The Journal of Chemical Physics},
	volume = {91},
	pages = {5974-5992},
	year = {1989},
	doi = {10.1063/1.457415}
	
}

@article{ste88,
	title = "Infrared kinetic spectroscopy of C2H and C2D",
	journal = "Journal of Molecular Structure",
	volume = "190",
	pages = "41 - 60",
	year = "1988",
	issn = "0022-2860",
	doi = "https://doi.org/10.1016/0022-2860(88)80269-2",
	url = "http://www.sciencedirect.com/science/article/pii/0022286088802692",
	author = "J.W. Stephens and Wen-Bin Yan and Marilyn L. Richnow and H. Solka and R.F. Curl"
}

@article{reh88,
	author = {Brent D. Rehfuss and Di‐Jia Liu and Bianca M. Dinelli and Mary‐Frances Jagod and Wing C. Ho and Mark W. Crofton and Takeshi Oka},
	title = {{Infrared spectroscopy of carbo‐ions. IV. The $A ^2\Pi_u-X ^2\Sigma^+_g$ electronic transition of $C_2^-$}},
	journal = {The Journal of Chemical Physics},
	volume = {89},
	pages = {129-137},
	year = {1988},
	doi = {10.1063/1.455731},
	URL = { 
	https://doi.org/10.1063/1.455731}
}

@article{erv88,
Author = {K. M. Ervin and J. Ho and W. C. Lineberger},
Title = {{Ultraviolet photoelectron-spectrum of NO$_2^-$}},
Journal = {The Journal of Physical Chemistry},
Year = 1988,
Volume = 92,

Pages = {5405-5412},
DOI = {10.1021/j100330a017},
ISSN = {0022-3654},
}

@article{kan88,
	author = {Hideto Kanamori and Eizi Hirota},
	title = {Vibronic bands of the {CCH} radical observed by infrared diode laser kinetic spectroscopy},
	journal = {The Journal of Chemical Physics},
	volume = {89},
	pages = {3962-3969},
	year = {1988},
	doi = {10.1063/1.454877},
	
	URL = { 
	https://doi.org/10.1063/1.454877}
}

@article{kan88b,
	author = {Kanamori,Hideto  and Hirota,Eizi },
	title = {Infrared diode laser kinetic spectroscopy of the CCD radical $v_3$ band},
	journal = {The Journal of Chemical Physics},
	volume = {88},
	number = {11},
	pages = {6699-6701},
	year = {1988},
	doi = {10.1063/1.454414},
	
	URL = { 
	https://doi.org/10.1063/1.454414}
}

@article{dav88,

author = {Sumner P. Davis and Mark C. Abrams and John G. Phillips and M. L. P. Rao},
journal = {Journal of the Optical Society of America B},
keywords = {},
pages = {2280--2285},
publisher = {OSA},
title = {Infrared bands of the {C$_2$} Phillips system},
volume = {5},
year = {1988},
url = {http://josab.osa.org/abstract.cfm?URI=josab-5-10-2280},
doi = {10.1364/JOSAB.5.002280}
}

@article{dou88,
	title = "New observations of the {$A ^1\Pi_u-X ^1\Sigma_g^+$} transition (Phillips system) of {C$_2$}",
	journal = "Journal of Molecular Spectroscopy",
	volume = "131",
	pages = "250 - 260",
	year = "1988",
	issn = "0022-2852",
	doi = "https://doi.org/10.1016/0022-2852(88)90236-6",
	url = "http://www.sciencedirect.com/science/article/pii/0022285288902366",
	author = "M. Douay and R. Nietmann and P.F. Bernath"
}

@book{mil88,
	title = "Free Jet Sources",
	author = "D. R. Miller",
	publisher = "Oxford University Press",
	year = "1988",
	edition = "First edition"
}

@article{pac88,
	author = {T. Pacher and L. S. Cederbaum and H. Köppel},
	title = {Approximately diabatic states from block diagonalization of the electronic Hamiltonian},
	journal = {The Journal of Chemical Physics},
	volume = {89},
	pages = {7367-7381},
	year = {1988},
	doi = {10.1063/1.455268},
	URL = { 
	https://doi.org/10.1063/1.455268}
	
}

@article{pos88,
	author = {Posey,Lynmarie A.  and Johnson,Mark A. },
	title = {Pulsed photoelectron spectroscopy of negative cluster ions: Isolation of three distinguishable forms of {N$_2$O$_2^-$}},
	journal = {The Journal of Chemical Physics},
	volume = {88},
	pages = {5383-5395},
	year = {1988},
	doi = {10.1063/1.454576},
	URL = { 
	https://doi.org/10.1063/1.454576}
}

@article{tho88,
	title = "Two-dimmensional Imaging of Photofragments",
	journal = "Laser Chemistry",
	volume = "9",
	pages = "27-46",
	year = "1988",
	doi = "doi.10.1155/LC.9.27",
	url = "https://www.hindawi.com/journals/lc/1988/365823/cta/",
	author = "John W. Thoman and David W. Chandler and David H. Parker and Maurice H. Janssen"
}

@article{cha87,
	author = {David W. Chandler and Paul L. Houston},
	title = {{Two$‐$dimensional imaging of state$‐$selected} photodissociation products detected by multiphoton ionization},
	journal = {The Journal of Chemical Physics},
	volume = {87},
	pages = {1445-1447},
	year = {1987},
	doi = {10.1063/1.453276},
	URL = { 
	https://doi.org/10.1063/1.453276}
	
}

@article{coe87,
	author = {Coe,J. V.  and Snodgrass,J. T.  and Freidhoff,C. B.  and McHugh,K. M.  and Bowen,K. H. },
	title = {Photoelectron spectroscopy of the negative cluster ions {NO$^-$(N$_2$O)$_{n=1,2}$}},
	journal = {The Journal of Chemical Physics},
	volume = {87},
	pages = {4302-4309},
	year = {1987},
	doi = {10.1063/1.452888},
	URL = { 
	https://doi.org/10.1063/1.452888}
}

@article{hat87,
	title = "Structure sensitivity of ethylene adsorption on Pt(100): Evidence for vinylidene formation on (1×1) Pt(100)",
	journal = "Surface Science",
	volume = "185",
	pages = "479 - 494",
	year = "1987",
	note = "",
	issn = "0039-6028",
	doi = "http://dx.doi.org/10.1016/S0039-6028(87)80172-3",
	url = "http://www.sciencedirect.com/science/article/pii/S0039602887801723",
	author = "G.H. Hatzikos and R.I. Masel"
	
}

@article{yan87,
	title = "Color center laser spectroscopy of {C$_2$H} and {C$_2$D}",
	journal = "Journal of Molecular Spectroscopy",
	volume = "123",
	pages = "486 - 495",
	year = "1987",
	issn = "0022-2852",
	doi = "https://doi.org/10.1016/0022-2852(87)90294-3",
	url = "http://www.sciencedirect.com/science/article/pii/0022285287902943",
	author = "Wenbin Yan and C.B Dane and D Zeitz and Jeffrey L Hall and R.F Curl"
}

@article{dur87,
	author = {Duran, R. P. and Amorebieta, V. T. and Colussi, A. J.},
	title = {Pyrolysis of acetylene: a thermal source of vinylidene},
	journal = {Journal of the American Chemical Society},
	volume = {109},
	pages = {3154-3155},
	year = {1987},
	doi = {10.1021/ja00244a053}
}

@article{kan87,
	author = {Hideto Kanamori and Kanekazu Seki and Eizi Hirota},
	title = {Infrared diode laser kinetic spectroscopy of the CCH radical ν3 band},
	journal = {The Journal of Chemical Physics},
	volume = {87},
	pages = {73-76},
	year = {1987},
	doi = {10.1063/1.453571},
	
	URL = { 
	https://doi.org/10.1063/1.453571}
}

@article{hil87,
	author = {Hills, M. M. and Parmeter, J. E. and Weinberg, W. H.},
	title = {Chemisorption and reaction of ethylene on chemically modified ruthenium(001) surfaces},
	journal = {Journal of the American Chemical Society},
	volume = {109},
	pages = {4224-4232},
	year = {1987},
	doi = {10.1021/ja00248a016}
}

@article{pos86,
	title = "Demonstration of a pulsed photoelectron spectrometer on mass-selected negative ions: {O$^-$, O$_2^-$, and O$_4^-$}",
	journal = "Chemical Physics Letters",
	volume = "131",
	pages = "170 - 174",
	year = "1986",
	issn = "0009-2614",
	doi = "https://doi.org/10.1016/0009-2614(86)80539-5",
	author = "Lynmarie A. Posey and Michael J. Deluca and Mark A. Johnson"
}

@article{eng86,
author = "P. C. Engelking",
title = "Approximate rotational band shifts",
journal = "The Journal of Physical Chemistry",
volume = "90",
pages = "4544-4545",
year = "1986",
}

@article{han85,
author = {Eric W. Hansen and Phaih-Lan Law},
journal = {Journal of the Optical Society of America A},
keywords = {},
pages = {510--520},
publisher = {OSA},
title = {Recursive methods for computing the Abel transform and its inverse},
volume = {2},
year = {1985},
url = {http://josaa.osa.org/abstract.cfm?URI=josaa-2-4-510},
doi = {10.1364/JOSAA.2.000510}
}

@article{neu85,
	title = {Laser photodetachment measurement of the electron affinity of atomic oxygen},
	author = {Neumark, D. M. and Lykke, K. R. and Andersen, T. and Lineberger, W. C.},
	journal = {Physical Review A},
	volume = {32},
	issue = {3},
	pages = {1890--1892},
	numpages = {0},
	year = {1985},
	publisher = {American Physical Society},
	doi = {10.1103/PhysRevA.32.1890},
	url = {https://link.aps.org/doi/10.1103/PhysRevA.32.1890}
}

@article{cur85,
	author = {Curl,R. F.  and Carrick,P. G.  and Merer,A. J. },
	title = {Rotational analysis of the {$\tilde{A}\leftarrow\tilde{X}$} system of {C2H}},
	journal = {The Journal of Chemical Physics},
	volume = {82},
	number = {8},
	pages = {3479-3486},
	year = {1985},
	doi = {10.1063/1.448927},
	URL = { 
	https://doi.org/10.1063/1.448927}
}

@article{fre85,
	title = "Detailed kinetic modeling of soot formation in shock-tube pyrolysis of acetylene",
	journal = "Symposium (International) on Combustion",
	volume = "20",
	pages = "887 - 901",
	year = "1985",
	note = "Twentieth Symposium (International) on Combustion",
	issn = "0082-0784",
	doi = "https://doi.org/10.1016/S0082-0784(85)80578-6",
	url = "http://www.sciencedirect.com/science/article/pii/S0082078485805786",
	author = "Michael Frenklach and David W. Clary and William C. Gardiner and Stephen E. Stein"
}

@article{dor85,
	author = {Doreen G. Leopold and Kermit K. Murray and Amy E. Stevens Miller and W. C. Lineberger},
	title = {Methylene: A study of the X̃ 3B1 and ã 1A1 states by photoelectron spectroscopy of CH−2 and CD−2},
	journal = {The Journal of Chemical Physics},
	volume = {83},
	pages = {4849-4865},
	year = {1985},
	doi = {10.1063/1.449746},
	URL = { 
	https://doi.org/10.1063/1.449746}
}

@article{cha85,
	author = "M. W. Chase and C. A. Downey and D. J. Frurip and R. A. McDonald 
	and A. N. Syverud",
	title = "{JANAF} thermochemical tables (third edition)",
	journal = "The Journal of Physical Chemistry Reference Data",
	year = "1985",
	volume = "14",
	pages = "1-1856"
}


@article{bur83,
	title = "Observation of {$X^1A_1$} vinylidene by photoelectron spectroscopy of the {C$_2$H$_2^-$} ion",
	journal = "Chemical Physics Letters",
	volume = "100",
	pages = "124 - 128",
	year = "1983",
	note = "",
	issn = "0009-2614",
	doi = "http://dx.doi.org/10.1016/0009-2614(83)80698-8",
	url = "http://www.sciencedirect.com/science/article/pii/0009261483806988",
	author = "Susan M. Burnett and Amy E. Stevens and C.S. Feigerle and W.C. Lineberger"
	
}

@article{clo83b,
	title = {Extended zero-core-contribution model applied to multichannel photodetachment},
	author = {Clodius, W. B. and Stehman, R. M. and Woo, S. B.},
	journal = {Physical Review A},
	volume = {27},
	issue = {1},
	pages = {333--344},
	numpages = {0},
	year = {1983},
	publisher = {American Physical Society},
	doi = {10.1103/PhysRevA.27.333},
	url = {https://link.aps.org/doi/10.1103/PhysRevA.27.333}
}


@article{clo83,
	title = {Zero-core contribution calculation of a polyatomic photodetachment cross section: {NO$_2^-$}},
	author = {Clodius, W. B. and Stehman, R. M. and Woo, S. B.},
	journal = {Physical Review A},
	volume = {28},
	issue = {2},
	pages = {760--765},
	numpages = {0},
	year = {1983},
	publisher = {American Physical Society},
	doi = {10.1103/PhysRevA.28.760},
	url = {https://link.aps.org/doi/10.1103/PhysRevA.28.760}
}


@article{ami82,
author  = {C. Amiot},
title   = {{The infrared emission spectrum of NO: Analysis of the $\Delta v = 3$
           sequence uot to $v = 22$}},
journal = {Journal of Molecular Spectroscopy},
volume  = 94,
pages   = {150-172},
year    = 1982}

@article{woo81,
  title = "Wide-range absolute photodetachment photodetachment spectrum of {NO}{$_2$}",
  author = "Woo, S. B. and Helmy, E. M. and Mauk, P. H. and Paszek, A. P.",
  journal = "Physical Review A",
  volume = "24",
  issue = "3",
  pages = "1380--1390",
  year = "1981",
  publisher = "American Physical Society",
  doi = "10.1103/PhysRevA.24.1380",
  url = "http://link.aps.org/doi/10.1103/PhysRevA.24.1380",
}

@article{zac81,
   author = "Zacharias, H. and Geilhaupt, M. and Meier, K. and Welge, K. H.",
   title = "Laser photofragment spectroscopy of the {NO$_2$} dissociation at 337 nm. A nonstatistical decay process",
   journal = "The Journal of Chemical Physics",
   year = "1981",
   volume = "74",
   pages = "218-225",
   url = "http://scitation.aip.org/content/aip/journal/jcp/74/1/10.1063/1.440877",
   doi = "http://dx.doi.org/10.1063/1.440877"
}

@article{ste81,
  title = "Zero-core-contribution calculation of photodetachment cross sections of {O$_2^-$ and S$_2^-$}",
  author = "Stehman, R. M. and Woo, S. B.",
  journal = "Physical Review A",
  volume = "23",
  issue = "6",
  pages = "2866--2876",
  year = "1981",
  publisher = "American Physical Society",
  doi = "10.1103/PhysRevA.23.2866",
  url = "http://link.aps.org/doi/10.1103/PhysRevA.23.2866",
}

@article{cru79,
  title = "The role of {NO} and {NO$_2$} in the chemistry of the troposphere and stratosphere",
  author = "Crutzen, P. J.",
  journal = "Annual Review of Earth and Planetary Sciences",
  volume = "7",
  pages = "443-472",
  year = "1979",
}  

@book{gim79,
author = "B. M. Gimarc",
title = "Molecular Structure and Bonding",
publisher = "Academic, New York",
year = "1979"

}

@article{cor79,
	author = { R R Corderman,  and  and  W C Lineberger },
	title = {Negative Ion Spectroscopy},
	journal = {Annual Review of Physical Chemistry},
	volume = {30},
	pages = {347-378},
	year = {1979},
	doi = {10.1146/annurev.pc.30.100179.002023},
	URL = { 
	https://doi.org/10.1146/annurev.pc.30.100179.002023}	
}

@article{ami79,
	title = "New analysis of the {C$_2$} Ballik-Ramsay system from flame emission spectra",
	journal = "Journal of Molecular Spectroscopy",
	volume = "75",
	pages = "19 - 40",
	year = "1979",
	issn = "0022-2852",
	doi = "https://doi.org/10.1016/0022-2852(79)90143-7",
	url = "http://www.sciencedirect.com/science/article/pii/0022285279901437",
	author = "C. Amiot and J. Chauville and J.-P. Maillard"
}

@article{lee79,
	author = {L. C. Lee and G. P. Smith},
	title = {Photodissociation and photodetachment of molecular negative ions. {VI. Ions in O$_2$/CH$_4$/H$_2$O mixtures from 3500 to 8600 $\AA$}},
	journal = {The Journal of Chemical Physics},
	volume = {70},
	pages = {1727-1735},
	year = {1979},
	doi = {10.1063/1.437690},
	URL = { 
	https://doi.org/10.1063/1.437690}
}

@article{sch79,
	author = {Schaefer, Henry F.},
	title = {The 1,2 hydrogen shift: a common vehicle for the disappearance of evanescent molecular species},
	journal = {Accounts of Chemical Research},
	volume = {12},
	pages = {288-296},
	year = {1979},
	doi = {10.1021/ar50140a004},
	URL = { 
	http://dx.doi.org/10.1021/ar50140a004}
}

@article{ste79b,
	title = {Zero-core-contribution model and its application to photodetachment of atomic negative ions},
	author = {Stehman, R. M. and Woo, S. B.},
	journal = {Physical Review A},
	volume = {20},
	issue = {1},
	pages = {281--290},
	numpages = {0},
	year = {1979},
	publisher = {American Physical Society},
	doi = {10.1103/PhysRevA.20.281},
	url = {https://link.aps.org/doi/10.1103/PhysRevA.20.281}
}


@book{her79,
author = "G. Herzberg and K. Huber",
title = "Molecular spectra and molecular structure",
publisher = "Van Nostrand Reinhold Company",
volume = "IV",
year = "1979",
}

@Article{bre78,
	author="Breyer, F.
	and Frey, P.
	and Hotop, H.",
	title="High resolution photoelectron spectrometry of negative ions: Fine-structure transitions in {O$^-$} and {S$^-$} photodetachment",
	journal="Zeitschrift f{\"u}r Physik A Atoms and Nuclei",
	year="1978",
	day="01",
	volume="286",
	pages="133--138",
	issn="0939-7922",
	doi="10.1007/BF01408966",
	url="https://doi.org/10.1007/BF01408966"
}


@article{lov78,
   author = "Lovas, Frank J.",
   title = "Microwave spectral tables {II. T}riatomic molecules",
   journal = "Journal of Physical Chemical Reference Data",
   year = "1978",
   volume = "7",
   pages = "1445-1750",
}

@article{hub77,
Author = {B. A. Huber and P. C. Cosby and J. T. Moseley and J. R. Peterson},
Title = {{Photodetachment of excited NO$_2^-$}},
Journal = {{Bulletin of the American Physical Society}},
Year = {{1977}},
Volume = {{22}},

Pages = {{191}},
ISSN = {{0003-0503}},
Unique-ID = {{ISI:A1977CX84700365}},
}

@article {azu77,
	author = {Azumi, Tohru and Matsuzaki, Kazuo},
	title = {WHAT DOES THE TERM “VIBRONIC COUPLING” MEAN?},
	journal = {Photochemistry and Photobiology},
	volume = {25},
	publisher = {Blackwell Publishing Ltd},
	issn = {1751-1097},
	url = {http://dx.doi.org/10.1111/j.1751-1097.1977.tb06918.x},
	doi = {10.1111/j.1751-1097.1977.tb06918.x},
	pages = {315--326},
	year = {1977}
}

@article{kru76,
author = "A. P. Krueger, and E. J. Reed",
title = "Biological impact of small air ions",
journal = "Science",
pages = "1209-1213",
volume = "193",
year = "1976"
}

@book{lin76,
	author = "W.C. Lineberger and H. Hotop and T.A.Patterson",
	title = "Photodetachment threshold processes",
	publisher = "New York: Plenum Press",
	year = "1976"
}

@article{joh77,
	title = "The vibration-rotation fundamental of {NO}",
	journal = "Journal of Molecular Spectroscopy",
	volume = "65",
	pages = "155 - 162",
	year = "1977",
	issn = "0022-2852",
	doi = "https://doi.org/10.1016/0022-2852(77)90368-X",
	url = "http://www.sciencedirect.com/science/article/pii/002228527790368X",
	author = "J.W.C. Johns and J. Reid and D.W. Lepard"
}

@article{ree76,
	author = {Kenneth J. Reed and Albert H. Zimmerman and Hans C. Andersen and John I. Brauman},
	title = {Cross sections for photodetachment of electrons from negative ions near threshold},
	journal = {The Journal of Chemical Physics},
	volume = {64},
	pages = {1368-1375},
	year = {1976},
	doi = {10.1063/1.432404}
}

@article{sch76,
author = "Schaefer, H. F. and Bender, C. F. and Richardson, J. H.",
title =" A peroxy isomer of nitrogen dioxide",
journal = "The Journal of Physical Chemistry",
volume = "80",
pages = "2035-2037",
year = "1976",
DOI = "10.1021/j100559a017",
}

@article{sma76,
	author = {R. E. Smalley and D. H. Levy and L. Wharton},
	title = {The fluorescence excitation spectrum of the {HeI$_2$} van der {W}aals complex},
	journal = {The Journal of Chemical Physics},
	volume = {64},
	pages = {3266-3276},
	year = {1976},
	doi = {10.1063/1.432667},
	URL = { 
	http://aip.scitation.org/doi/abs/10.1063/1.432667}
}

@article{bev76,
	title = "Polymerization of methyl α-cyanoacrylate—II",
	journal = "European Polymer Journal",
	volume = "12",
	pages = "255 - 257",
	year = "1976",
	note = "",
	issn = "0014-3057",
	doi = "http://dx.doi.org/10.1016/0014-3057(76)90064-1",
	url = "http://www.sciencedirect.com/science/article/pii/0014305776900641",
	author = "J.C. Bevington and J.A.L. Jemmett and P.F. Onyon"
	
}

@article{lin75,
	author = {W. Lindinger and D. L. Albritton and F. C. Fehsenfeld and E. E. Ferguson},
	title = {Reactions of {O$^-$ with N$_2$, N$_2$O, SO$_2$, NH$_3$, CH$_4$, and C$_2$H$_4$ and C$_2$H$_2^-$ with O$_2$ from 300 °K to relative kinetic energies of ∼2 eV}},
	journal = {The Journal of Chemical Physics},
	volume = {63},
	pages = {3238-3242},
	year = {1975},
	doi = {10.1063/1.431814},
	URL = { 
	https://doi.org/10.1063/1.431814}
}

@article{her74,
   author = "Herbst, E. and Patterson, T. A. and Lineberger, W. C.",
   title = "Laser photodetachment of {NO$_{2}^{-}$}",
   journal = "The Journal of Chemical Physics",
   year = "1974",
   volume = "61",
   pages = "1300-1304",
   url = "http://scitation.aip.org/content/aip/journal/jcp/61/4/10.1063/1.1682053",
   doi = "http://dx.doi.org/10.1063/1.1682053" 
}

@article{jef74,
title = "Photodetachment of {NO$_{2}$}: experimental evidence for a new isomer ",
journal = "Chemical Physics Letters",
volume = "25",
pages = "318 - 320",
year = "1974",
note = "",
issn = "0009-2614",
DOI = "http://dx.doi.org/10.1016/0009-2614(74)85306-6",
url = "http://www.sciencedirect.com/science/article/pii/0009261474853066",
author = "Jeffery H. Richardson and L.M. Stephenson and John I. Brauman"
}

@article{dun72,
	title = "Thermal energy rate constants for the reactions {NO$_2^-$ + Cl$_2$ $\rightarrow$ Cl$_2^-$ + NO$_2$, Cl$_2^-$ + NO$_2 \rightarrow$ Cl$^-$ + NO$_2$Cl, SH$^-$ + NO$_2 \rightarrow$ NO$_2^-$ + SH, SH$^-$ + Cl$_2 \rightarrow$ Cl$_2^-$ + SH, and S$^-$ + NO$_2 \rightarrow$ NO$_2^-$ + S}",
	journal = "Chemical Physics Letters",
	volume = "15",
	pages = "257 - 259",
	year = "1972",
	issn = "0009-2614",
	doi = "https://doi.org/10.1016/0009-2614(72)80162-3",
	url = "http://www.sciencedirect.com/science/article/pii/0009261472801623",
	author = "D.B Dunkin and F.C. Fehsenfeld and E.E. Ferguson"
}

@article{ske72,
	author = {Skell, Philip S. and Villaume, Jon E. and Fagone, Francis A.},
	title = {Formation of vinylidene intermediates in the reaction of diatomic carbon with propylene},
	journal = {Journal of the American Chemical Society},
	volume = {94},
	pages = {7866-7867},
	year = {1972},
	doi = {10.1021/ja00777a033}
}

@article{hay72,
	author = {Hay, P. Jeffrey and Hunt, William J. and Goddard, William A.},
	title = {Generalized valence bond description of simple alkanes, ethylene, and acetylene},
	journal = {Journal of the American Chemical Society},
	volume = {94},
	pages = {8293-8301},
	year = {1972},
	doi = {10.1021/ja00779a002},
	URL = { 
	http://dx.doi.org/10.1021/ja00779a002  
	}
}

@article{cel72,
	title = {Molecular Photodetachment Spectrometry. II. The Electron Affinity of {{O}$_{2}$} and the Structure of {{O}$_{2}^{-}$}},
	author = {Celotta, R. J. and Bennett, R. A. and Hall, J. L. and Siegel, M. W. and Levine, J.},
	journal = {Physical Review A},
	volume = {6},
	issue = {2},
	pages = {631--642},
	numpages = {0},
	year = {1972},
	publisher = {American Physical Society},
	doi = {10.1103/PhysRevA.6.631},
	url = {https://link.aps.org/doi/10.1103/PhysRevA.6.631}
}


@article{sie72,
  title = {Molecular Photodetachment Spectrometry. I. The Electron Affinity of Nitric Oxide and the Molecular Constants of {NO$^{-}$}},
  author = {Siegel, M. W. and Celotta, R. J. and Hall, J. L. and Levine, J. and Bennett, R. A.},
  journal = {Physical Review A},
  volume = {6},
  issue = {2},
  pages = {607--631},
  numpages = {0},
  year = {1972},
  publisher = {American Physical Society},
  doi = {10.1103/PhysRevA.6.607},
  url = {https://link.aps.org/doi/10.1103/PhysRevA.6.607}
}

@article{eng71,
	title = "The β and γ bands of nitric oxide observed during the flash photolysis of nitrosyl chloride",
	journal = "Journal of Molecular Spectroscopy",
	volume = "37",
	pages = "240 - 251",
	year = "1971",
	issn = "0022-2852",
	doi = "https://doi.org/10.1016/0022-2852(71)90295-5",
	url = "http://www.sciencedirect.com/science/article/pii/0022285271902955",
	author = "R. Engleman and P.E. Rouse"
}

@article{hed71,
	author={D W O Heddle},
	title={An afocal electrostatic lens},
	journal={Journal of Physics E: Scientific Instruments},
	volume={4},
	pages={981},
	url={http://stacks.iop.org/0022-3735/4/i=12/a=013},
	year={1971}
}

@article {buc70,
	author = {A. D. Buckingham and B. J. Orr  and J. M. Sigel },
	title = {A Discussion on photoelectron spectroscopy - {A}ngular distributions and intensity in molecular photoelectron spectroscopy {I. G}eneral theory for diatomic molecules},
	volume = {268},
	pages = {147--157},
	year = {1970},
	doi = {10.1098/rsta.1970.0068},
	publisher = {The Royal Society},
	issn = {0080-4614},
	URL = {http://rsta.royalsocietypublishing.org/content/268/1184/147},
	eprint = {http://rsta.royalsocietypublishing.org/content/268/1184/147.full.pdf},
	journal = {Philosophical Transactions of the Royal Society of London A: Mathematical, Physical and Engineering Sciences}
}

@article{bai70,
	author = {Bailey,T. L.  and Mahadevan,P. },
	title = {Electron Transfer and Detachment in Collisions of Low‐Energy Negative Ions with {O$_2$}},
	journal = {The Journal of Chemical Physics},
	volume = {52},
	pages = {179-190},
	year = {1970},
	doi = {10.1063/1.1672663},
	URL = { 
	https://doi.org/10.1063/1.1672663}
}


@article{ske70,
	author = {Skell, Philip S. and Plonka, James H.},
	title = {Chemistry of the singlet and triplet {C$_2$} molecules. Mechanism of acetylene formation from reaction with acetone and acetaldehyde},
	journal = {Journal of the American Chemical Society},
	volume = {92},
	pages = {5620-5624},
	year = {1970},
	doi = {10.1021/ja00722a014}
}

@article{sic70,
	author = { J.M.   Sichel },
	title = {Angular distribution and intensity in molecular photoelectron spectroscopy},
	journal = {Molecular Physics},
	volume = {18},
	pages = {95-100},
	year = {1970},
	doi = {10.1080/00268977000100081}
}

@article{war69,
Author = {Warneck, Peter},
Title = {{Photodetachment of NO$_2^-$}},
Journal = {{Chemical Physics Letters}},
Year = {{1969}},
Volume = {{3}},

Pages = {{532-533}},
Month = {{AUG}},
DOI = {{10.1016/0009-2614(69)85054-2}},
ISSN = {{0009-2614}},
Unique-ID = {{ISI:000202966900022}},
}

@article{sie68,
	author = {Hall,J. L.  and Siegel,M. W. },
	title = {Angular Dependence of the Laser Photodetachment of the Negative Ions of Carbon, Oxygen, and Hydrogen},
	journal = {The Journal of Chemical Physics},
	volume = {48},
	pages = {943-945},
	year = {1968},
	doi = {10.1063/1.1668743},
	URL = { 
	https://doi.org/10.1063/1.1668743}
}

@article{coo68,
author  = {J. Cooper and R. N. Zare},
title   = {{Angular distribution of photoelectrons}},
journal = {The Journal of Chemical Physics},
volume  = 48,
pages   = {942-943},
doi     = {10.1063/1.1668742},
year    = 1968}

@article{hal67,
	title = {Electron Affinity of Helium Via Laser Photodetachment of its Negative Ion},
	author = {Brehm, B. and Gusinow, M. A. and Hall, J. L.},
	journal = {Physical Review Letters},
	volume = {19},
	pages = {737--741},
	year = {1967},
	publisher = {American Physical Society},
	doi = {10.1103/PhysRevLett.19.737},
	url = {https://link.aps.org/doi/10.1103/PhysRevLett.19.737}
}


@book{her66,
	author = "Gerhard Herzberg",
	title = "Electronic spectra and electronic structure of polyatomic molecules",
	year = "1966",
	publisher = "Van Nostrand Reinhold Company",
	volume = "II"
}

@article{bra65,
	author = {L. M. Branscomb and S. J. Smith and G. Tisone},
	title = {Oxygen Metastable Atom Production Through Photodetachment},
	journal = {The Journal of Chemical Physics},
	volume = {43},
	pages = {2906-2907},
	year = {1965},
	doi = {10.1063/1.1697230},
	URL = { 
	https://doi.org/10.1063/1.1697230}
}

@article{bre62,
	author = {Leo Brewer and W. T. Hicks and O. H. Krikorian},
	title = {Heat of Sublimation and Dissociation Energy of Gaseous {C$_2$}},
	journal = {The Journal of Chemical Physics},
	volume = {36},
	pages = {182-188},
	year = {1962},
	doi = {10.1063/1.1732293},
	
	URL = { 
	https://doi.org/10.1063/1.1732293}
}

@article {cly61,
author = "Clyne, M. A. A. and Thrush, B. A.",
title = "Kinetics of the Reactions of Active Nitrogen with Oxygen and with Nitric Oxide",
volume = "261",
pages = "259--273",
year = "1961",
DOI = "10.1098/rspa.1961.0076",
publisher = "The Royal Society",
issn = "0080-4630",
journal = "Proceedings of the Royal Society of London A",
}

@article{bur58,
	title = {Photodetachment of {{O}$_{2}^{-}$}},
	author = {Burch, D. S. and Smith, S. J. and Branscomb, L. M.},
	journal = {Physical Reviews},
	volume = {112},
	issue = {1},
	pages = {171--175},
	numpages = {0},
	year = {1958},
	publisher = {American Physical Society},
	doi = {10.1103/PhysRev.112.171},
	url = {https://link.aps.org/doi/10.1103/PhysRev.112.171}
}


@book{bet57,
	author = "Hans A. Bethe, and E. E. Selpeter",
	title = "Quantum Mechanics of One- and Two-Electron Atoms",
	publisher = "Springer-Verlag, Berlin",
	year = "1957"
}

@article{wil55,
	author = {W. C. Wiley and I. H. McLaren},
	title = {Time‐of‐Flight Mass Spectrometer with Improved Resolution},
	journal = {Review of Scientific Instruments},
	volume = {26},
	pages = {1150-1157},
	year = {1955},
	doi = {10.1063/1.1715212},
	URL = { 
	https://doi.org/10.1063/1.1715212}	
}

@article{szw50,
	author = {Szwarc, M.},
	title = {The Determination of Bond Dissociation Energies by Pyrolytic Methods.},
	journal = {Chemical Reviews},
	volume = {47},
	pages = {75-173},
	year = {1950},
	doi = {10.1021/cr60146a002},
	URL = { 
	http://dx.doi.org/10.1021/cr60146a002}
}

@book{her50,
	author = "G. Herzberg",
	title = "Molecular Spectra and Molecular Structure - Spectra of Diatomic Molecules",
	publisher = "Van Nostrand Reinhold Company",
	volume = "I",
	year = "1950",
}

@book{her45,
author = "G. Herzberg",
title = "Molecular Spectra and Molecular Structure",
publisher = "Van Nostrand Reinhold Company",
volume = "II",
year = "1945",
}

@article{vie44,
	author = {Vier,Dwayne T.  and Mayer,Joseph E. },
	title = {A Direct Experimental Determination of the Electron Affinity of Oxygen},
	journal = {The Journal of Chemical Physics},
	volume = {12},
	pages = {28-34},
	year = {1944},
	doi = {10.1063/1.1723876},
	URL = { 
	https://doi.org/10.1063/1.1723876}
}

@article{wig43,
	title = {On the Behavior of Cross Sections Near Thresholds},
	author = {Wigner, Eugene P.},
	journal = {Physical Reveiw},
	volume = {73},
	pages = {1002--1009},
	year = {1948},
	publisher = {American Physical Society},
	doi = {10.1103/PhysRev.73.1002},
	url = {https://link.aps.org/doi/10.1103/PhysRev.73.1002}
}


@article{kin43,
author = {Gilbert W. King and R. M. Hainer and Paul C. Cross},
title = {The Asymmetric Rotor {I. C}alculation and Symmetry Classification of Energy Levels},
journal = {The Journal of Chemical Physics},
volume = {11},
pages = {27-42},
year = {1943},
doi = {10.1063/1.1723778}
}

@article {jah37,
	author = {H. A. Jahn and E. Teller},
	title = {Stability of polyatomic molecules in degenerate electronic states - {I O}rbital degeneracy},
	volume = {161},
	pages = {220--235},
	year = {1937},
	doi = {10.1098/rspa.1937.0142},
	publisher = {The Royal Society},
	issn = {0080-4630},
	URL = {http://rspa.royalsocietypublishing.org/content/161/905/220},
	eprint = {http://rspa.royalsocietypublishing.org/content/161/905/220.full.pdf},
	journal = {Proceedings of the Royal Society of London A: Mathematical, Physical and Engineering Sciences}
}

@Article{bud36,
	author="Bud{\'o}, A.",
	title="{Die RotationskonstantenB, D undY der3$\Pi$-Terme von TiO, C2, CO, PH, A1H, NH}",
	journal="Zeitschrift f{\"u}r Physik",
	year="1936",
	day="01",
	volume="98",
	pages="437--444"
}

@article{ery35,
	author = {Eyring,Henry },
	title = {The Activated Complex in Chemical Reactions},
	journal = {The Journal of Chemical Physics},
	volume = {3},
	pages = {107-115},
	year = {1935},
	doi = {10.1063/1.1749604},
	URL = { 
	https://doi.org/10.1063/1.1749604}
}

@Article{eva35,
author ="Evans, M. G. and Polanyi, M.",
title  ="Some applications of the transition state method to the calculation of reaction velocities{,} especially in solution",
journal  ="Transactions of the Faraday Society ",
year  ="1935",
volume  ="31",
pages  ="875-894",
publisher  ="The Royal Society of Chemistry",
doi  ="10.1039/TF9353100875",
url  ="http://dx.doi.org/10.1039/TF9353100875"
}

@article{den31,
  title = {The Infrared Spectra of Polyatomic Molecules Part {I}},
  author = {Dennison, David M.},
  journal = {Review of Modern Physics},
  volume = {3},
  issue = {2},
  pages = {280--345},
  year = {1931},
  publisher = {American Physical Society}
}

@article{mul30,
	title = {{The Interpretation of Band Spectra. Parts I, IIa, IIb}},
	author = {Mulliken, Robert S.},
	journal = {Review of Modern Physics},
	volume = {2},
	issue = {1},
	pages = {60--115},
	numpages = {0},
	year = {1930},
	publisher = {American Physical Society},
	doi = {10.1103/RevModPhys.2.60},
	url = {https://link.aps.org/doi/10.1103/RevModPhys.2.60}
}


@article{hut30,
	title = {Band Spectra Intensities for Symmetrical Diatomic Molecules},
	author = {Hutchisson, Elmer},
	journal = {Physical Review},
	volume = {36},
	issue = {3},
	pages = {410--420},
	numpages = {0},
	year = {1930},
	publisher = {American Physical Society},
	doi = {10.1103/PhysRev.36.410},
	url = {https://link.aps.org/doi/10.1103/PhysRev.36.410}
}

@Article{kra29,
	author="Kramers, H. A.",
	title="Zur Struktur der Multiplett-S-Zust{\"a}nde in zweiatomigen Molek{\"u}len. I",
	journal="Zeitschrift f{\"u}r Physik",
	year="1929",
	day="01",
	volume="53",
	pages="422--428",
	doi="10.1007/BF01347762",
	url="https://doi.org/10.1007/BF01347762"
}



@book{who06,
author={{WHO World Health Organization and Regional Office for Europe}},
year={2006;2005;},
title={Air Quality Guidelines: Global Update 2005. Particulate Matter, Ozone, Nitrogen Dioxide and Sulfur Dioxide},
publisher={World Health Organization Regional Office for Europe},
address={Geneva},
isbn={9289021926;9789289021920;9789289072908;9289072903;},
}

@article{kno83,
	author = { P.   Knowles  and  N.C.   Handy  and  S.   Carter },
	title = {A potential energy surface for the ground state of CH2},
	journal = {Molecular Physics},
	volume = {49},
	number = {3},
	pages = {681-694},
	year  = {1983},
	publisher = {Taylor & Francis},
	doi = {10.1080/00268978300101461} 
	
}

@article{car83,
	author = { S.   Carter  and  N.C.   Handy  and  B.T.   Sutcliffe },
	title = {A variational method for the calculation of rovibrational levels of any triatomic molecule},
	journal = {Molecular Physics},
	volume = {49},
	number = {3},
	pages = {745-748},
	year  = {1983},
	publisher = {Taylor & Francis},
	doi = {10.1080/00268978300101521}    
	
}

@article{car82,
	author = { S.   Carter  and  N.C.   Handy },
	title = {A variational method for the calculation of vibrational levels of any triatomic molecule},
	journal = {Molecular Physics},
	volume = {47},
	number = {6},
	pages = {1445-1455},
	year  = {1982},
	publisher = {Taylor & Francis},
	doi = {10.1080/00268978200101082}
}

@book{her67,
author = {G. Herzberg},
title = {Molecular Spectra and Molecular Structure. Electronic Spectra and Electronic Structure of Polyatomic Molecules},
volume = {III},
publisher = {Van Nostrand Reinhold Company},
year = {1967}
}

@misc{cfour,
	
	Author = {J. F. Stanton and J. Gauss and L. Cheng and M. E. Harding and D. A. Matthews and P. G. Szalay},
	Note = {{W}ith contributions from {A}.{A}. {A}uer, {R}.{J}. {B}artlett, {U}. {B}enedikt, {C}. {B}erger,
	{D}.{E}. {B}ernholdt, {Y}.{J}. {B}omble, {O}. {C}hristiansen, {F}. Engel, {R}. Faber, {M}. {H}eckert,
	{O}. {H}eun, {M}. Hilgenberg, {C}. {H}uber, {T}.-{C}. {J}agau, {D}. {J}onsson, {J}. {J}us{\'e}lius, 
	{T}. Kirsch, {K}. {K}lein, {W}.{J}. {L}auderdale, {F}. {L}ipparini, {T}. {M}etzroth, {L}.{A}. {M}{\"u}ck,
	{D}.{P}. {O}'{N}eill, {D}.{R}. {P}rice, {E}. {P}rochnow, {C}. {P}uzzarini, {K}. {R}uud, {F}. {S}chiffmann,
	{W}. {S}chwalbach, {C}. {S}immons, {S}. {S}topkowicz, {A}. {T}ajti, {J}. {V}{\'a}zquez, {F}. {W}ang, {J}.{D}. {W}atts
	and the integral packages {MOLECULE} ({J}. {A}lml{\"o}f and {P}.{R}. {T}aylor), {PROPS} ({P}.{R}. {T}aylor),
	{ABACUS} ({T}. {H}elgaker, {H}.{J}. {A}a. {J}ensen, {P}. {J}{\o}rgensen, and {J}. {O}lsen),
	and {ECP} routines by {A}. {V}. {M}itin and {C}. van {W}{\"u}llen. {F}or the current version, see http://www.cfour.de.},
	Title = {{CFOUR, Coupled-Cluster techniques for Computational Chemistry, a quantum-chemical program package}}}

@article{pgopher,
	title = "PGOPHER: A program for simulating rotational, vibrational and electronic spectra",
	journal = "Journal of Quantitative Spectroscopy and Radiative Transfer",
	volume = "186",
	pages = "221 - 242",
	year = "2017",
	note = "Satellite Remote Sensing and Spectroscopy: Joint ACE-Odin Meeting, October 2015",
	issn = "0022-4073",
	doi = "https://doi.org/10.1016/j.jqsrt.2016.04.010",
	url = "http://www.sciencedirect.com/science/article/pii/S0022407316300437",
	author = "Colin M. Western",
	keywords = "Molecular spectra, Rotational energy levels, Perturbations, Vibrational energy levels, Hyperfine structure",
}

@unpublished{moz16,
	author  = {V. A. Mozhayskiy and A. I. Krylov},
	title   = {EZSPECTRUM},
	doi     = {http://iopenshell.usc.edu/downloads},
	year    = 2016}

