@article{kan21,
	author = {Kang, Do Hyung and Kim, Jinwoo and Cheng, Min and Kim, Sang Kyu},
	title = {Mode-Specific Autodetachment Dynamics of an Excited Non-valence Quadrupole-Bound State},
	journal = {J. Phys. Chem. Lett.},
	volume = {12},
	number = {7},
	pages = {1947-1954},
	year = {2021},
	doi = {10.1021/acs.jpclett.1c00169},
	URL = { 
	https://doi.org/10.1021/acs.jpclett.1c00169}
}

@article{yuz21,
	author = {Lu, Yuzhu and Tang, Rulin and Ning, Chuangang},
	title = {Observation of an Excited Dipole-Bound State in a Diatomic Anion},
	journal = {J. Phys. Chem. Lett.},
	volume = {12},
	number = {25},
	pages = {5897-5902},
	year = {2021},
	doi = {10.1021/acs.jpclett.1c01726},
	URL = { 
	https://doi.org/10.1021/acs.jpclett.1c01726}
}

@Article{ash21,
	author ={Ashworth, Eleanor K. and Anst\"{o}ter, Cate S. and Verlet, Jan R. R. and Bull, James N.},
	title  ="Autodetachment dynamics of 2-naphthoxide and implications for astrophysical anion abundance",
	journal  ="Phys. Chem. Chem. Phys.",
	year  ="2021",
	volume  ="23",
	issue  ="10",
	pages  ="5817-5823",
	publisher  ="The Royal Society of Chemistry",
	doi  ="10.1039/D1CP00261A",
	url  ="http://dx.doi.org/10.1039/D1CP00261A"
}

@article{yua21,
	author = {Liu, Yuan and Zhu, Guo-Zhu and Yuan, Dao-Fu and Qian, Chen-Hui and Zhang, Yue-Rou and Rubenstein, Brenda M. and Wang, Lai-Sheng},
	title = {Observation of a Symmetry-Forbidden Excited Quadrupole-Bound State},
	journal = {J. Am. Chem. Soc.},
	volume = {142},
	number = {47},
	pages = {20240-20246},
	year = {2020},
	doi = {10.1021/jacs.0c10552},
	URL = { 
	https://doi.org/10.1021/jacs.0c10552}
}

@article{yua21b,
	author = {Yuan, Dao-Fu and Zhang, Yue-Rou and Qian, Chen-Hui and Liu, Yuan and Wang, Lai-Sheng},
	title = {Probing the Dipole-Bound State in the 9-Phenanthrolate Anion by Photodetachment Spectroscopy, Resonant Two-Photon Photoelectron Imaging, and Resonant Photoelectron Spectroscopy},
	journal = {J. Phys. Chem. A},
	volume = {125},
	number = {14},
	pages = {2967-2976},
	year = {2021},
	doi = {10.1021/acs.jpca.1c01563},
	URL = { 
	https://doi.org/10.1021/acs.jpca.1c01563}
}

@article{dou20,
	author = {Dobulis, Marissa A. and Thompson, Michael C. and Patros, Kellyn M. and Sommerfeld, Thomas and Jarrold, Caroline Chick},
	title = {Emerging Nonvalence Anion States of [Isoprene-H$\cdot$]$\cdot$H$_{2}$O Accessed via Detachment of OH-$\cdot$Isoprene},
	journal = {J. Phys. Chem. A},
	volume = {124},
	number = {11},
	pages = {2279-2287},
	year = {2020},
	doi = {10.1021/acs.jpca.0c01250},
	URL = { 
	https://doi.org/10.1021/acs.jpca.0c01250}
}

@article{dou20b,
	author = {Dobulis,Marissa A.  and Thompson,Michael C.  and Sommerfeld,Thomas  and Jarrold,Caroline Chick },
	title = {Temporary anion states of fluorine substituted benzenes probed by charge transfer in O$_{2}-\cdot$C$_{6}$H$_{6}−$xFx (x = 0-5) ion-molecule complexes},
	journal = {J. Chem. Phys.},
	volume = {152},
	number = {20},
	pages = {204309},
	year = {2020},
	doi = {10.1063/5.0011321},
	URL = { 
	https://doi.org/10.1063/5.0011321}
}

@misc{g16,
	author={M. J. Frisch and G. W. Trucks and H. B. Schlegel and G. E. Scuseria and M. A. Robb and J. R. Cheeseman and G. Scalmani and V. Barone and G. A. Petersson and H. Nakatsuji and X. Li and M. Caricato and A. V. Marenich and J. Bloino and B. G. Janesko and R. Gomperts and B. Mennucci and H. P. Hratchian and J. V. Ortiz and A. F. Izmaylov and J. L. Sonnenberg and D. Williams-Young and F. Ding and F. Lipparini and F. Egidi and J. Goings and B. Peng and A. Petrone and T. Henderson and D. Ranasinghe and V. G. Zakrzewski and J. Gao and N. Rega and G. Zheng and W. Liang and M. Hada and M. Ehara and K. Toyota and R. Fukuda and J. Hasegawa and M. Ishida and T. Nakajima and Y. Honda and O. Kitao and H. Nakai and T. Vreven and K. Throssell and Montgomery, {Jr.}, J. A. and J. E. Peralta and F. Ogliaro and M. J. Bearpark and J. J. Heyd and E. N. Brothers and K. N. Kudin and V. N. Staroverov and T. A. Keith and R. Kobayashi and J. Normand and K. Raghavachari and A. P. Rendell and J. C. Burant and S. S. Iyengar and J. Tomasi and M. Cossi and J. M. Millam and M. Klene and C. Adamo and R. Cammi and J. W. Ochterski and R. L. Martin and K. Morokuma and O. Farkas and J. B. Foresman and D. J. Fox},
	title={Gaussian˜16 {R}evision {C}.01},
	year={2016},
	note={Gaussian Inc. Wallingford CT}
}

@article{sim20,
	author = {Simons, Jack},
	title = {Ejecting Electrons from Molecular Anions via Shine, Shake/Rattle, and Roll},
	journal = {J. Phys. Chem. A},
	volume = {124},
	number = {42},
	pages = {8778-8797},
	year = {2020},
	doi = {10.1021/acs.jpca.0c08016},
	URL = { 
	https://doi.org/10.1021/acs.jpca.0c08016 
	}
}

@Article{liu19,
	author ="Liu, Gaoxiang and Ciborowski, Sandra M. and Pitts, Cody Ross and Graham, Jacob D. and Buytendyk, Allyson M. and Lectka, Thomas and Bowen, Kit H.",
	title  ="Observation of the dipole- and quadrupole-bound anions of 1{,}4-dicyanocyclohexane",
	journal  ="Phys. Chem. Chem. Phys.",
	year  ="2019",
	volume  ="21",
	issue  ="33",
	pages  ="18310-18315",
	publisher  ="The Royal Society of Chemistry",
	doi  ="10.1039/C9CP04010B",
	url  ="http://dx.doi.org/10.1039/C9CP04010B"}

@article{zhu17,
	title = {Observation of Excited Quadrupole-Bound States in Cold Anions},
	author = {Zhu, Guo-Zhu and Liu, Yuan and Wang, Lai-Sheng},
	journal = {Phys. Rev. Lett.},
	volume = {119},
	issue = {2},
	pages = {023002},
	numpages = {5},
	year = {2017},
	month = {Jul},
	publisher = {American Physical Society},
	doi = {10.1103/PhysRevLett.119.023002},
	url = {https://link.aps.org/doi/10.1103/PhysRevLett.119.023002}
}


@article{qia19,
	author = {Qian, Chen-Hui and Zhu, Guo-Zhu and Wang, Lai-Sheng},
	title = {Probing the Critical Dipole Moment To Support Excited Dipole-Bound States in Valence-Bound Anions},
	journal = {J. Phys. Chem. Lett.},
	volume = {10},
	number = {21},
	pages = {6472-6477},
	year = {2019},
	doi = {10.1021/acs.jpclett.9b02679},
	URL = { 
	https://doi.org/10.1021/acs.jpclett.9b02679}
}

@article{law19,
	author = {Laws, B. A. and Cavanagh, S. J. and Lewis, B. R. and Gibson, S. T.},
	title = {Wigner Near-Threshold Effects in the Photoelectron Angular Distribution of NO$_{2}^{-}$},
	journal = {J. Phys. Chem. A},
	volume = {123},
	number = {48},
	pages = {10418-10425},
	year = {2019},
	doi = {10.1021/acs.jpca.9b09073},
	URL = { 
	https://doi.org/10.1021/acs.jpca.9b09073}
	
}

@Article{lyl19,
	author ="Lyle, Justin and Jagau, Thomas-C. and Mabbs, Richard",
	title  ="Spectroscopy of temporary anion states: Renner-Teller coupling and electronic autodetachment in copper difluoride anion",
	journal  ="Faraday Discuss.",
	year  ="2019",
	volume  ="217",
	issue  ="0",
	pages  ="533-546",
	publisher  ="The Royal Society of Chemistry",
	doi  ="10.1039/C8FD00224J",
	url  ="http://dx.doi.org/10.1039/C8FD00224J"
}

@article{dev18,
	author = {DeVine, Jessalyn A. and Weichman, Marissa L. and Xie, Changjian and Babin, Mark C. and Johnson, Mark A. and Ma, Jianyi and Guo, Hua and Neumark, Daniel M.},
	title = {Autodetachment from Vibrationally Excited Vinylidene Anions},
	journal = {J. Phys. Chem. Lett.},
	volume = {9},
	number = {5},
	pages = {1058-1063},
	year = {2018},
	doi = {10.1021/acs.jpclett.8b00144},
	URL = { 
	https://doi.org/10.1021/acs.jpclett.8b00144}
}

@article{law17,
	author = {Laws, B. A. and Cavanagh, S. J. and Lewis, B. R. and Gibson, S. T.},
	title = {NOO peroxy isomer exposed with velocity-map imaging},
	journal = {J. Phys. Chem. Lett.},
	volume = {8},
	pages = {4397-4401},
	year = {2017},
	doi = {10.1021/acs.jpclett.7b02183},
	note ={PMID: 28854335}	
}

@article{mil17,
	author = {Millar, Thomas J. and Walsh, Catherine and Field, Thomas A.},
	title = {Negative Ions in Space},
	journal = {Chem. Rev.},
	volume = {117},
	number = {3},
	pages = {1765-1795},
	year = {2017},
	doi = {10.1021/acs.chemrev.6b00480},
	URL = { 
	https://doi.org/10.1021/acs.chemrev.6b00480}
}

@article {dev17,
	author = {DeVine, Jessalyn A. and Weichman, Marissa L. and Laws, Benjamin and Chang, Jing and Babin, Mark C. and Balerdi, Garikoitz and Xie, Changjian and Malbon, Christopher L. and Lineberger, W. Carl and Yarkony, David R. and Field, Robert W. and Gibson, Stephen T. and Ma, Jianyi and Guo, Hua and Neumark, Daniel M.},
	title = {Encoding of vinylidene isomerization in its anion photoelectron spectrum},
	volume = {358},
	number = {6361},
	pages = {336--339},
	year = {2017},
	doi = {10.1126/science.aao1905},
	publisher = {American Association for the Advancement of Science},
	issn = {0036-8075},
	URL = {https://science.sciencemag.org/content/358/6361/336},
	eprint = {https://science.sciencemag.org/content/358/6361/336.full.pdf},
	journal = {Science}
}

@article{gas17,
	Author = {Gascooke, Jason R. and Gibson, Stephen T. and Lawrance, Warren
	D.},
	Title = {{A ``circularisation{''} method to repair deformations and
	determine the
	centre of velocity map images}},
	Journal = {{J. Chem. Phys}},
	Year = {{2017}},
	Volume = {{147}},
	Number = {{1}},
	pages = {013924}
}

@article{lyl17,
	author = {Lyle,Justin  and Wedig,Olivia  and Gulania,Sahil  and Krylov,Anna I.  and Mabbs,Richard },
	title = {Channel branching ratios in CH$_{2}$CN$^{-}$ photodetachment: Rotational structure and vibrational energy redistribution in autodetachment},
	journal = {J. Chem. Phys.},
	volume = {147},
	number = {23},
	pages = {234309},
	year = {2017},
	doi = {10.1063/1.5001475},
	URL = { 
	https://doi.org/10.1063/1.5001475}
}

@article{pya16,
	author = {Hickstein,Daniel D.  and Gibson,Stephen T.  and Yurchak,Roman 
	and Das,Dhrubajyoti D.  and Ryazanov,Mikhail },
	title = {A direct comparison of high-speed methods for the numerical
	Abel transform},
	journal = {Rev. Sci. Instrum.},
	volume = {90},
	number = {6},
	pages = {065115},
	year = {2019},
	doi = {10.1063/1.5092635},
	URL = {
	https://doi.org/10.1063/1.5092635}
	
}

@article{for15,
	author = {Fortenberry, Ryan C.},
	title = {Interstellar Anions: The Role of Quantum Chemistry},
	journal = {J. Phys. Chem. A},
	volume = {119},
	number = {39},
	pages = {9941-9953},
	year = {2015},
	doi = {10.1021/acs.jpca.5b05056},
	URL = { 
	https://doi.org/10.1021/acs.jpca.5b05056}
}

@article{for15b,
	author = {Fortenberry, Ryan C. and Lukemire, Joseph A.},
	title = "{Electronic and rovibrational quantum chemical analysis of C3P−: the next interstellar anion?}",
	journal = {Mon. Notices Royal Astron. Soc.},
	volume = {453},
	number = {3},
	pages = {2824-2829},
	year = {2015},
	month = {09},
	issn = {0035-8711},
	doi = {10.1093/mnras/stv1844},
	url = {https://doi.org/10.1093/mnras/stv1844}
}

@article{wei14,
	author = {Weichman,Marissa L.  and Kim,Jongjin B.  and Neumark,Daniel M. },
	title = {Rovibronic structure in slow photoelectron velocity-map imaging spectroscopy of CH$_{2}$CN$^{-}$ and CD$_{2}$CN$^{-}$},
	journal = {J. Chem. Phys.},
	volume = {140},
	number = {10},
	pages = {104305},
	year = {2014},
	doi = {10.1063/1.4867501},
	URL = { 
	https://doi.org/10.1063/1.4867501}
}

@article{for13, title={Theoretical Electronic and Rovibrational Studies for Anions of Interest to the DIBs}, volume={9}, DOI={10.1017/S1743921313016098}, number={S297}, journal={Proc. Int. Astron. Union}, publisher={Cambridge University Press}, author={Fortenberry, R. C.}, year={2013}, pages={344-348}}

@article{for12,
	doi = {10.1088/0004-637x/762/2/121},
	url = {https://doi.org/10.1088/0004-637x/762/2/121},
	year = 2012,
	month = {dec},
	publisher = {American Astronomical Society},
	volume = {762},
	number = {2},
	pages = {121},
	author = {Ryan C. Fortenberry and T. Daniel Crawford and Timothy J. Lee},
	title = {The possible interstellar anion CH$_{2}$CN$^{-}$: spectroscopic constants, vibrational frequencies and other considerations},
	journal = {Astrophys. J.}
}

@article{for11,
	author = {Fortenberry,Ryan C.  and Crawford,T. Daniel },
	title = {Theoretical prediction of new dipole-bound singlet states for anions of interstellar interest},
	journal = {J. Chem. Phys.},
	volume = {134},
	number = {15},
	pages = {154304},
	year = {2011},
	doi = {10.1063/1.3576053},
	URL = { 
	https://doi.org/10.1063/1.3576053}
}

@article{cor11,
	doi = {10.1088/2041-8205/730/2/l18},
	url = {https://doi.org/10.1088/2041-8205/730/2/l18},
	year = 2011,
	month = {mar},
	publisher = {American Astronomical Society},
	volume = {730},
	number = {2},
	pages = {L18},
	author = {M. A. Cordiner and S. B. Charnley and J. V. Buckle and C. Walsh and T. J. Millar},
	title = {Discovery of interstellar anions in Cepheus and Auriga},
	journal = {Astrophys. J.}
}

@article{agu10,
	author = {{Ag\'undez, M.} and {Cernicharo, J.} and {Gu\'elin, M.} and {Kahane, C.} and {Roueff, E.} and {Klos, J.} and {Aoiz, F. J.} and {Lique, F.} and {Marcelino, N.} and {Goicoechea, J. R.} and {Gonz\'alez Garc\'{\i}a, M.} and {Gottlieb, C. A.} and {McCarthy, M. C.} and {Thaddeus, P.}},
	title = {Astronomical identification of CN-, the smallest observed molecular anion},
	DOI= "10.1051/0004-6361/201015186",
	url= "https://doi.org/10.1051/0004-6361/201015186",
	journal = {Astron. Astrophysics},
	year = 2010,
	volume = 517,
	pages = "L2",
	month = ""
}

@article{cor07,
	author = {{Cordiner, M. A.} and {Sarre, P. J.}},
	title = {The CH$_2$CN$^-$ molecule: carrier of the $\lambda$8037 diffuse  interstellar band?},
	DOI= "10.1051/0004-6361:20077358",
	url= "https://doi.org/10.1051/0004-6361:20077358",
	journal = {Astron. Astrophys.},
	year = 2007,
	volume = 472,
	number = 2,
	pages = "537-545"
}

@article{cav07,
	title = {High-resolution velocity-map-imaging photoelectron spectroscopy of the ${\mathrm{O}}^{\ensuremath{-}}$ photodetachment fine-structure transitions},
	author = {Cavanagh, S. J. and Gibson, S. T. and Gale, M. N. and Dedman, C. J. and Roberts, E. H. and Lewis, B. R.},
	journal = {Phys. Rev. A},
	volume = {76},
	issue = {5},
	pages = {052708},
	numpages = {9},
	year = {2007},
	month = {Nov},
	publisher = {American Physical Society},
	doi = {10.1103/PhysRevA.76.052708},
	url = {https://link.aps.org/doi/10.1103/PhysRevA.76.052708}
}


@article{ken03,
	author = {Jordan, Kenneth D. and Wang, Feng},
	title = {Theory of Dipole-Bound Anions},
	journal = {Annu. Rev. Phys. Chem.},
	volume = {54},
	number = {1},
	pages = {367-396},
	year = {2003},
	doi = {10.1146/annurev.physchem.54.011002.103851},
	URL = { 
	https://doi.org/10.1146/annurev.physchem.54.011002.103851}
}

@article{tar03,
	author = {Tarroni,Riccardo  and Carter,Stuart },
	title = {Theoretical calculation of vibronic levels of C$_2$H and C$_2$D to 10,000 cm$^{-1}$},
	journal = {The Journal of Chemical Physics},
	volume = {119},
	number = {24},
	pages = {12878-12889},
	year = {2003},
	doi = {10.1063/1.1627755},
	URL = { 
	https://doi.org/10.1063/1.1627755}
}

@article{mcc02,
	doi = {10.1086/340111},
	url = {https://doi.org/10.1086/340111},
	year = 2002,
	month = {feb},
	publisher = {American Astronomical Society},
	volume = {567},
	number = {2},
	pages = {L145--L148},
	author = {B. J. McCall and T. Oka and J. Thorburn and L. M. Hobbs and D. G. York},
	title = {A Critical Examination of the l-C$_{3}$H$_{2}^-$ Spectrum and the Diffuse Interstellar Bands},
	journal = {Astrophys. J.}
}

@article{gut01,
	doi = {10.1086/321465},
	url = {https://doi.org/10.1086/321465},
	year = 2001,
	month = {jul},
	publisher = {American Astronomical Society},
	volume = {555},
	number = {1},
	pages = {466--471},
	author = {Felix Guthe and Marek Tulej and Mikhail V. Pachkov and John P. Maier},
	title = {Photodetachment Spectrum of l-C3H2-: The Role of Dipole Bound States for Electron Attachment in Interstellar Clouds},
	journal = {Astrophys. J.}
}

@Article{ded01,
	author  = {C. J. Dedman and E. H. Roberts and S. T. Gibson and B. R. Lewis},
	title   = {{Fast 1 kV MOSFET switch}},
	journal = {Rev. Sci. Instrum.},
	volume  = 72,
	pages   = {3718-3720},
	year    = 2001}

@article{sar00,
	author = {Sarre, P. J.},
	title = "{The diffuse interstellar bands: a dipole-bound state hypothesis}",
	journal = {Mon. Notices Royal Astron. Soc.},
	volume = {313},
	number = {1},
	pages = {L14-L16},
	year = {2000},
	month = {03},
	issn = {0035-8711},
	doi = {10.1046/j.1365-8711.2000.03388.x},
	url = {https://doi.org/10.1046/j.1365-8711.2000.03388.x}
}

@article{gal00,
	doi = {10.1086/316570},
	url = {https://doi.org/10.1086/316570},
	year = 2000,
	month = {may},
	publisher = {{IOP} Publishing},
	volume = {112},
	number = {771},
	pages = {648--690},
	author = {G.~A. Galazutdinov and F.~A. Musaev and J. Kre{\l}owski and G.~A.~H. Walker},
	title = {Narrow Diffuse Interstellar Bands: A Survey with Precise Wavelengths},
	journal = {Publ. Astron. Soc. Pac.}
}

@article{epp97,
	author = {Eppink,André T. J. B.  and Parker,David H. },
	title = {Velocity map imaging of ions and electrons using electrostatic lenses: Application in photoelectron and photofragment ion imaging of molecular oxygen},
	journal = {Rev. Sci. Instrum.},
	volume = {68},
	number = {9},
	pages = {3477-3484},
	year = {1997},
	doi = {10.1063/1.1148310},
	URL = { 
	https://doi.org/10.1063/1.1148310}
}

@article{gut95,
	title = {The valence and dipole-bound states of the cyanomethide ion, CH$_2$CN$^-$},
	journal = {Chem. Phys. Lett.},
	volume = {246},
	number = {3},
	pages = {245-250},
	year = {1995},
	issn = {0009-2614},
	doi = {https://doi.org/10.1016/0009-2614(95)01097-S},
	url = {https://www.sciencedirect.com/science/article/pii/000926149501097S},
	author = {Gennady L. Gutsev and Ludwik Adamowicz}
}

@article{des94,
	title = {Prediction and observation of a new, ground state, dipole-bound dimer anion: The mixed water/ammonia system},
	author = {Desfran\ifmmode \mbox{\c{c}}\else \c{c}\fi{}ois, C. and Baillon, B. and Schermann, J. P. and Arnold, S. T. and Hendricks, J. H. and Bowen, K. H.},
	journal = {Phys. Rev. Lett.},
	volume = {72},
	issue = {1},
	pages = {48--51},
	numpages = {0},
	year = {1994},
	month = {Jan},
	publisher = {American Physical Society},
	doi = {10.1103/PhysRevLett.72.48},
	url = {https://link.aps.org/doi/10.1103/PhysRevLett.72.48}
}

@article{bri93,
	author = {Brinkman,Elizabeth A.  and Berger,Susan  and Marks,Jeffrey  and Brauman,John I. },
	title = {Molecular rotation and the observation of dipole-bound states of anions},
	journal = {J. Chem. Phys.},
	volume = {99},
	number = {10},
	pages = {7586-7594},
	year = {1993},
	doi = {10.1063/1.465688},
	URL = { 
	https://doi.org/10.1063/1.465688}
}

@article{wet89,
	author = {Wetzel,Donna M.  and Brauman,John I. },
	title = {Rotational structure in an excited vibronic band of the dipole-supported state of cyanomethyl anion, CH$_{2}$CN$^{-}$},
	journal = {J. Chem. Phys.},
	volume = {90},
	number = {1},
	pages = {68-73},
	year = {1989},
	doi = {10.1063/1.456468},
	URL = { 
	https://doi.org/10.1063/1.456468}
}

@article{lyk87,
	author = {Lykke,K. R.  and Neumark,D. M.  and Andersen,T.  and Trapa,V. J.  and Lineberger,W. C. },
	title = {Autodetachment spectroscopy and dynamics of CH$_{2}$CN$^{-}$ and CD$_{2}$CN$^{-}$},
	journal = {J. Chem. Phys.},
	volume = {87},
	number = {12},
	pages = {6842-6853},
	year = {1987},
	doi = {10.1063/1.453379},
	URL = { 
	https://doi.org/10.1063/1.453379 }
}

@article{mor87,
	author = {Moran, Sean and Ellis, H. Benton and DeFrees, D. J. and McLean, A. D. and Ellison, G. Barney},
	title = {Carbanion spectroscopy: cyanomethide anion (CH$_{2}$CN$^{-}$)},
	journal = {J. Am. Chem. Soc.},
	volume = {109},
	number = {20},
	pages = {5996-6003},
	year = {1987},
	doi = {10.1021/ja00254a018},
	URL = { 
	https://doi.org/10.1021/ja00254a018}
	
}

@article{han85,
	author  = {E. W. Hansen and P-L. Law},
	title   = {{Recursive methods for computing the Abel transform and its inverse}},
	journal = {J. Opt. Soc. Am. A},
	volume  = 2,
	pages   = {510-520},
	DOI     = {10.1364/JOSAA.2.000510},
	year    = 1985}

@article{lyk84,
	title = {Observation of Dipole-Bound States of Negative Ions},
	author = {Lykke, Keith R. and Mead, Roy D. and Lineberger, W. C.},
	journal = {Phys. Rev. Lett.},
	volume = {52},
	issue = {25},
	pages = {2221--2224},
	numpages = {0},
	year = {1984},
	month = {Jun},
	publisher = {American Physical Society},
	doi = {10.1103/PhysRevLett.52.2221},
	url = {https://link.aps.org/doi/10.1103/PhysRevLett.52.2221}
}

@article{mea84,
	author = {Mead,Roy D.  and Lykke,Keith R.  and Lineberger,W. C.  and Marks,J.  and Brauman,John I. },
	title = {Spectroscopy and dynamics of the dipole-bound state of acetaldehyde enolate},
	journal = {J. Chem. Phys.},
	volume = {81},
	number = {11},
	pages = {4883-4892},
	year = {1984},
	doi = {10.1063/1.447515},
	URL = { 
	https://doi.org/10.1063/1.447515}
}

@article{sim81,
	author = {Simons, Jack},
	title = {Propensity rules for vibration-induced electron detachment of anions},
	journal = {J. Am. Chem. Soc.},
	volume = {103},
	number = {14},
	pages = {3971-3976},
	year = {1981},
	doi = {10.1021/ja00404a002},
	URL = { 
	https://doi.org/10.1021/ja00404a002}
}

@article{zim77,
	author = {Zimmerman,Albert H.  and Brauman,John I. },
	title = {Resonances in electron photodetachment cross sections},
	journal = {J. Chem. Phys.},
	volume = {66},
	number = {12},
	pages = {5823-5825},
	year = {1977},
	doi = {10.1063/1.433860},
	URL = { 
	https://doi.org/10.1063/1.433860}
}

@article{wig48,
	title = {On the Behavior of Cross Sections Near Thresholds},
	author = {Wigner, Eugene P.},
	journal = {Phys. Rev.},
	volume = {73},
	issue = {9},
	pages = {1002--1009},
	numpages = {0},
	year = {1948},
	month = {May},
	publisher = {American Physical Society},
	doi = {10.1103/PhysRev.73.1002},
	url = {https://link.aps.org/doi/10.1103/PhysRev.73.1002}
}

@article{kin43,
	author = {Gilbert W. King and R. M. Hainer and Paul C. Cross},
	title = {The asymmetric rotor I. Calculation and symmetry classification of energy levels},
	journal = {J. Chem. Phys.},
	volume = {11},
	number = {1},
	pages = {27-42},
	year = {1943},
	doi = {10.1063/1.1723778}
}

@book{her45,
	author = "G. Herzberg",
	title = "Molecular Spectra and Molecular Structure",
	publisher = "Van Nostrand Reinhold Company",
	volume = "II",
	year = "1945",
	pages = "22-61, 460-501"
}
